4470 6366
900 442 1113 502 BRACTON:
1140 441 1198 502 DE
1221 441 1403 503 LEGIBUS

429 630 542 696 poterit
557 612 665 695 (etiam
680 613 819 697 poterit).

428 744 485 796 per
498 745 590 796 quam
603 713 675 797 (pro
687 712 772 796 qua).

431 845 494 882 non
508 825 548 883 ad
562 813 643 895 (ad).

347 933 423 1003 MA,
442 932 519 992 MD.

429 1032 489 1090 alia
501 1021 599 1104 (Item
613 1021 698 1104 alia),
716 1021 858 1105 (-{·CH).

429 1134 546 1192 dietum
561 1141 608 1193 est
622 1119 774 1204 (dicitur).

429 1238 646 1305 scripturarum
659 1222 891 1306 (scripturarum
906 1220 1116 1306 privatarum).

430 1352 485 1405 per
498 1321 595 1405 (pro).
611 1321 748 1404 (ΗΑ).

429 1433 585 1505 disputare
600 1453 658 1492 nec
672 1421 771 1504 (nec).

429 1538 566 1604 sequitur
580 1541 685 1593 tamen
699 1522 738 1604 (t.
758 1521 811 1604 ι..)

430 1634 474 1692 As
488 1641 522 1691 to
536 1634 590 1692 the
605 1638 737 1705 position
751 1633 788 1692 of
797 1635 851 1693 tali
867 1642 899 1693 et
914 1634 1077 1694 heredibus
1095 1677 1102 1694 .
1124 1678 1131 1694 .
1153 1677 1160 1692 .
1181 1677 1188 1692 .
1209 1633 1369 1695 heredum.

429 1733 479 1792 vel
490 1733 545 1791 tali
560 1720 656 1804 (tali).

429 1832 524 1891 videri
538 1839 651 1904 poterit
665 1833 791 1893 inferius
805 1821 958 1907 (superius
974 1834 1069 1893 videri
1085 1821 1225 1906 poterit).

429 1933 502 1991 data
515 1918 671 2004 (donata),
687 1920 740 2004 (4-
746 1923 837 2004 MN).

429 2033 487 2090 hoc
500 2019 624 2104 (quod),
640 2022 771 2105 (†Mc‚
790 2021 874 2104 LD).

429 2139 475 2192 uti
489 2133 564 2191 velit
577 2120 668 2203 (velit
682 2122 754 2205 uti).

349 2242 422 2312 ME,
441 2241 501 2312 CC,
519 2242 554 2300 P.

429 2341 507 2400 fiunt
519 2328 568 2411 (et
583 2330 685 2413 fiunt).

429 2446 614 2513 privatorum
628 2429 855 2514 (privatarum).

428 2549 464 2600 ut
477 2528 568 2612 (vel),
585 2528 710 2613 (†oc‚
728 2543 800 2614 cM,
821 2530 916 2613 ΜΗ).

428 2641 512 2700 illam
527 2661 613 2701 suam
625 2629 751 2712 (suam).
1088 2657 1090 2660 '

428 2761 489 2800 una
502 2727 601 2811 (unde
615 2731 702 2814 una),
719 2730 857 2814 (†OM,
875 2743 951 2815 ΗΑ,
970 2743 1052 2814 ΜΗ,
1070 2744 1141 2814 CM,
1160 2732 1237 2815 LB).

427 2841 506 2900 solet
518 2828 598 2912 (non
612 2831 716 2914 solet),
733 2830 871 2914 (ΗΟ),
888 2830 928 2913 (Ρ
942 2844 997 2901 has
1017 2863 1080 2902 non
1095 2843 1223 2903 marked
1238 2831 1317 2914 out).

426 2947 632 3001 intentionem
646 2943 837 3014 probandum
852 2944 901 3002 vel
915 2930 1163 3016 (intentionem),
1179 2931 1233 3015 (-Ι-
1242 2943 1315 3016 MF,
1330 2931 1415 3015 CH).

428 3047 461 3100 in
474 3029 515 3110 (sl
528 3029 589 3113 in).
605 3029 738 3113 (ΗΟ).

426 3141 562 3201 conditio
575 3141 625 3200 vel
638 3142 733 3201 dictio
747 3130 882 3214 (dictio),
900 3131 1031 3214 (†MF‚
1050 3143 1113 3215 Ml,
1134 3132 1211 3215 LC).

427 3241 509 3300 unde
523 3227 571 3311 (et
585 3230 695 3314 unde),
715 3229 753 3314 (P
768 3244 822 3302 has
838 3253 871 3303 et
885 3244 1013 3303 marked
1031 3232 1111 3315 out).

427 3349 460 3400 et
473 3329 584 3412 (quia).
602 3329 722 3413 (†M1,
742 3343 804 3415 Lc,
823 3343 893 3428 Lo,
912 3333 989 3414 Ln).

427 3447 550 3500 servitio
563 3429 702 3511 (servitio
716 3431 796 3515 suo),
813 3430 946 3514 (ΗΕ).

428 3549 526 3600 totam
538 3528 699 3613 (tantam),
715 3529 863 3613 (-ME).

426 3641 476 3699 vel
490 3659 546 3712 per
560 3661 673 3700 nomen
688 3642 737 3701 vel
752 3636 878 3702 moduni
891 3631 962 3716 (per
978 3631 1128 3716 modum),
1144 3645 1168 3702 P
1182 3632 1310 3714 (nomen
1326 3645 1375 3704 vel
1389 3645 1516 3704 marked
1532 3632 1616 3716 out),
1638 3646 1688 3704 vel
1702 3665 1757 3718 per
1771 3647 1907 3718 modum,
1922 3648 1997 3720 ME,

511 3741 576 3812 CC;
598 3761 711 3800 nomen
726 3743 776 3800 vel
790 3743 925 3814 modum,
944 3743 1015 3803 MF.

427 3845 615 3911 inquietatur
629 3827 858 3914 (inquietetur),
877 3829 912 3913 (a
928 3864 1004 3902 corr.
1024 3848 1056 3902 in
1072 3831 1160 3914 ME).

429 3941 486 3998 hae
500 3927 586 4011 (eum
600 3929 682 4012 hae).

429 4060 489 4100 om.
507 4041 539 4100 id
555 4051 679 4101 estnon
694 4047 790 4113 quies.

348 4150 409 4221 CF,
428 4149 490 4208 LT.

429 4250 605 4309 conditione
619 4250 721 4321 aliqua
735 4238 851 4322 (aliqua
868 4239 1068 4322 adiectione).

429 4358 542 4409 terram
556 4350 640 4409 illam
654 4338 808 4421 (terram).

430 4457 568 4509 remanet
582 4436 784 4521 (remanent).

409 4623 411 4628 Α
430 4569 591 4608 commune
605 4537 821 4623 (communes).

429 4670 489 4721 qua
503 4637 628 4721 (aequa).

430 4757 517 4822 petat
531 4737 694 4821 (petatur).

430 4850 526 4909 debet
539 4836 650 4919 (debet
664 4837 802 4921 tenens).
819 4837 967 4921 (†MA).

430 4959 463 5008 et
476 4938 524 5019 (et
539 4937 666 5020 casum).

430 5053 497 5120 quis
513 5048 586 5108 facit
600 5037 638 5118 (f.
656 5039 718 5121 ᾧ),
734 5036 846 5120 (ΗΚ).

431 5157 464 5207 et
477 5136 540 5219 (est
554 5135 611 5219 et).

431 5248 504 5307 facit
517 5237 651 5319 (faciat),
668 5236 779 5319 (ΗΚ).

430 5368 544 5420 ponere
558 5336 705 5420 (petere).

430 5449 491 5508 duo
504 5435 622 5519 (duos),
639 5436 788 5519 (†MN).
