4470 6366
739 440 953 500 PEDIGREE
975 441 1031 500 OF
1052 442 1141 501 THE
1164 441 1459 503 MANUSCRIPTS

374 628 488 694 poterit
500 610 613 696 (eum),
630 612 759 696 (potest,
777 611 832 694 X).

373 730 421 781 est
434 710 545 794 (cum).

372 823 524 894 generalis
539 829 564 882 si
578 811 771 895 (generalis).

372 922 513 982 dominus
528 928 594 994 ipse
608 911 643 994 (i.
663 911 724 994 d.).

373 1021 412 1081 de
426 1010 499 1092 (in).

373 1126 455 1181 enim
469 1109 572 1193 (non).

372 1227 401 1280 ei
414 1209 463 1292 (et
478 1210 532 1293 ei),
549 1210 686 1293 (ΗΕ).

372 1330 478 1381 contra
492 1309 577 1392 (cum
592 1327 683 1381 armis
698 1311 829 1393 eontra).

372 1441 441 1480 eum
455 1427 547 1480 armis
561 1430 597 1480 ut
610 1409 686 1493 (ut).

371 1526 463 1580 ermis
478 1530 511 1580 et
524 1509 656 1592 (armis).

372 1642 441 1680 cum
452 1608 538 1691 (cum
553 1610 633 1692 tali).

372 1726 466 1779 etiam
480 1721 605 1793 quidem
619 1708 753 1791 (etiem).

372 1821 522 1880 sufficiant
536 1821 575 1880 nd
591 1841 724 1893 praesens
738 1808 781 1891 (o.
800 1841 831 1893 p.
850 1810 905 1893 e.).

290 1928 351 2000 CF,
371 1928 432 1988 LT.

373 2042 413 2095 sit
426 2023 559 2107 (fuerit).

373 2137 521 2208 qualitate
536 2136 610 2196 facit
624 2123 662 2206 (f.
681 2124 742 2208 q.).

371 2244 474 2295 utrum
489 2223 636 2308 (verum),
652 2224 796 2307 (÷MB).

372 2337 531 2396 commode
546 2341 592 2395 uti
607 2342 702 2409 possit
716 2324 917 2408 (commode).

372 2456 448 2508 pace
462 2423 552 2509 (poce
568 2441 612 2496 uti
627 2425 748 2509 possit).

372 2537 564 2596 voluntatem
578 2541 672 2608 ipsius
687 2542 823 2596 tenentis
837 2524 873 2608 (i.
892 2546 916 2596 t.
935 2525 995 2609 ι),
1012 2525 1125 2609 (÷x).

374 2655 439 2695 esse
454 2644 669 2695 tenementum
685 2623 724 2706 (t.
744 2624 802 2707 e.).

374 2741 500 2794 omnino
512 2723 653 2806 (omnino
666 2725 756 2807 non).

373 2841 441 2908 quis
455 2837 530 2895 lacit
543 2823 581 2906 (f.
600 2824 660 2908 q.).

373 2941 426 3008 qui
440 2924 507 3008 (qui
521 2924 627 3006 iuste).

373 3057 465 3108 quem
479 3023 572 3108 (qui).

373 3137 565 3195 disseisinam
579 3123 766 3208 (disseisiri),
783 3124 929 3208 (÷ME).

373 3236 487 3295 iudicio
501 3234 601 3294 faeere
615 3236 706 3295 alicui
721 3223 874 3307 (iudicio).

374 3355 441 3395 esse
455 3355 525 3394 eum
539 3323 646 3406 (esse).

373 3435 538 3507 aliquando
551 3424 732 3506 (aliquando
746 3424 902 3507 simplex).

375 3540 517 3594 resistere
531 3522 673 3605 (resisti).

374 3655 436 3694 om.
454 3655 517 3693 non
532 3643 645 3707 potest.

375 3734 601 3794 clandestinata
614 3722 847 3806 (clandestina).

374 3835 468 3894 ulium
482 3822 590 3905 (alium
604 3823 735 3906 quiete).

375 3939 462 4006 quies
475 3921 577 4006 (quies
592 3942 625 3994 et
639 3955 702 3993 non
716 3922 829 4006 quies).

376 4033 469 4093 faciet
482 4022 617 4105 (sulcet).

376 4143 424 4193 est
438 4121 502 4204 (est
516 4122 587 4206 vis),
604 4121 735 4206 (÷MB,
755 4122 803 4205 P).

375 4233 589 4306 qualicumque
602 4221 873 4307 (qualiscumque),
888 4222 1024 4307 (·i-OM,
1042 4223 1131 4302 HA).

375 4339 442 4406 quis
457 4320 539 4406 (quis
553 4322 683 4406 nutem),
700 4321 807 4405 (÷P).

376 4454 439 4492 non
452 4420 531 4503 (non
546 4433 640 4493 fuerit
653 4422 712 4505 et).

376 4533 521 4592 familiam
536 4520 692 4606 (familia),
710 4521 846 4606 (÷Mn‚
862 4522 945 4605 nn).

376 4639 507 4692 tuitiosis
520 4620 699 4705 (tuitionis).

376 4733 580 4805 repellentem
593 4720 786 4805 (repellere).

375 4853 459 4891 erma
472 4820 522 4904 (et
536 4821 645 4904 orma).

377 4953 446 4992 cum
460 4920 581 5003 (tumen
595 4921 691 5005 cum),
709 4920 853 5004 (÷01)).

377 5041 528 5104 pretextu
543 5033 598 5092 tuli
612 5019 684 5104 (sub
699 5033 754 5093 tuli
769 5020 945 5104 praetextu).

377 5141 450 5192 sunt
463 5120 551 5203 (sunt
566 5120 685 5205 etium),
702 5120 809 5204 (÷P).

378 5252 445 5304 quae
460 5220 552 5305 (qui).

378 5333 531 5392 inducunt
544 5321 693 5404 (dieunt).

378 5433 432 5492 sed
447 5421 517 5504 (sed
533 5421 739 5505 regulariter).
