4470 6366
897 422 1093 485 BRACTON
1103 444 1111 484 ε
1136 425 1195 484 DE
1217 424 1400 485 LEGIBUS

341 614 384 668 itu
398 596 518 680 (infra),
537 607 602 680 OC,
620 607 694 680 OD,
712 608 785 679 ME,
804 608 877 680 MF,
894 608 960 680 CA,
977 608 1013 680 P,
1034 609 1103 677 PH,
1121 609 1161 668 Χ.

340 729 401 768 om.
420 728 551 780 querens
567 712 700 780 posuerit
714 714 747 767 in
763 714 826 768 vinu
841 729 908 780 suo,
926 709 998 781 OG,
1015 709 1078 769 CE.

342 810 457 881 aliquid
472 797 596 880 (aliud),
614 809 681 880 00,
699 808 761 868 LF.

342 919 445 970 utrum
458 897 592 980 (seilicet
606 897 733 981 utrum),
752 909 830 981 ΜΧ,
847 910 887 969 Χ.

341 1009 522 1082 qualitatem
535 996 780 1082 (quantitatem),
799 1009 865 1081 OC,
883 1009 960 1068 MD.

341 1116 466 1169 moisem
479 1097 663 1181 (eeisinem),
681 1109 751 1180 OG,
770 1109 843 1169 ML.

342 1211 533 1270 dissemnam
548 1197 730 1281 (semaam),
748 1211 810 1282 cc,
827 1211 888 1269 cu.

343 1316 377 1370 in
390 1298 430 1381 (si
444 1298 504 1382 in),
522 1310 589 1381 OB,
608 1310 675 1382 OF,
693 1310 765 1382 MF,
783 1311 860 1381 MG,
879 1310 940 1382 CF,
958 1309 1022 1382 LT,
1041 1309 1105 1382 LF,
1123 1309 1191 1382 LG,
1209 1310 1258 1369 W.

752 1720 1016 1802 Fou10179b.
1079 1721 1256 1796 Sucmou
1283 1729 1317 1796 5.
1373 1719 1552 1796 Ammo

347 1973 481 2030 Position
495 1970 531 2028 of
540 1969 666 2041 addico,

427 2069 507 2129 ester
520 2075 631 2141 minus,
651 2069 722 2141 MC,
741 2069 808 2140 LA,
828 2070 901 2143 MF,
919 2071 954 2129 P.

427 2169 507 2229 aster
521 2174 726 2241 eontinentur,
746 2170 820 2241 ME,
838 2170 920 2242 MH,
938 2170 999 2241 CF,
1019 2170 1083 2242 LT,
1101 2172 1167 2242 CA,
1185 2171 1226 2243 X,
1245 2170 1314 2230 LD.

425 2270 555 2329 omitted
570 2270 612 2342 by
627 2269 695 2340 OB,
714 2270 789 2341 MA,
808 2271 882 2342 ΜΒ,
900 2270 979 2342 MD,
997 2270 1060 2342 MI,
1078 2269 1152 2342 ML,
1172 2269 1236 2342 LE,
1254 2270 1319 2343 LF,
1337 2270 1404 2343 LG,
1422 2269 1494 2330 CM.

428 2370 589 2442 marginal,
606 2369 677 2442 OA,
696 2370 757 2429 LC.

427 2469 507 2529 aster
521 2490 587 2541 suo,
604 2470 659 2528 the
673 2470 763 2529 other
779 2469 869 2530 MSS.

343 2570 547 2631 misericordia
568 2557 845 2642 (misericordiam),
871 2570 937 2642 OC,
955 2569 1026 2643 OG,
1046 2569 1120 2642 ME,
1138 2570 1219 2642 MH,
1239 2569 1316 2642 ΜΧ,
1333 2571 1399 2642 οΑ,
1418 2571 1480 2642 CB,
1499 2569 1559 2641 CC,
1576 2570 1639 2641 CF,
1657 2569 1722 2641 LB,
1740 2568 1802 2641 LC,
1821 2568 1885 2640 LT,
1903 2568 1941 2640 B,
1960 2568 1997 2639 P,

430 2671 470 2742 X,
490 2670 561 2741 ΗΒ,
580 2671 618 2730 Υ.

344 2775 432 2843 regui
447 2776 527 2842 regis
542 2757 663 2842 (regis),
682 2770 748 2842 OC,
766 2770 840 2842 OD,
857 2771 923 2842 CA,
941 2772 1001 2842 CC,
1019 2771 1081 2843 CF,
1099 2770 1164 2843 ΕΒ,
1180 2770 1249 2842 LD,
1268 2771 1332 2842 LT,
1351 2771 1391 2842 X,
1411 2771 1482 2830 ΗΒ.

344 2877 377 2930 in
392 2877 537 2930 comitatu
552 2858 739 2942 (comitutu),
758 2871 823 2942 OC,
842 2871 915 2943 OD,
934 2871 1006 2944 OG,
1024 2871 1101 2944 MG,
1118 2872 1181 2944 CB,
1200 2873 1259 2943 00,
1277 2872 1339 2943 CF,
1357 2871 1422 2943 LB,
1441 2871 1503 2942 LC,
1522 2870 1592 2942 LD,
1611 2870 1675 2942 LT,
1695 2869 1767 2941 ΗΒ,
1785 2869 1824 2928 Y.

347 2980 422 3051 ME,
440 2979 521 3050 MH,
539 2979 603 3049 CA,
621 2979 662 3049 X,
681 2979 741 3050 CF,
762 2978 825 3051 LT,
845 2979 915 3039 LD.

430 3080 510 3138 Item
523 3079 629 3138 videre
642 3079 760 3139 debent
774 3085 922 3140 iuratores
937 3067 1058 3152 (Quia),
1075 3067 1172 3152 (Item
1186 3085 1212 3139 si
1226 3080 1331 3140 videre
1344 3085 1504 3151 iuratores,
1523 3066 1578 3150 X).

348 3189 421 3260 ME,
440 3188 522 3259 MH,
540 3188 602 3259 CF,
619 3187 682 3247 LT.

429 3294 463 3346 in
476 3276 557 3359 (de),
574 3279 650 3358 (om.
670 3287 738 3360 LD,
755 3275 811 3358 X).
923 3283 926 3288 ¹

348 3397 422 3468 ΜΕ,
441 3397 522 3455 MH.

429 3498 599 3556 disseisituo
614 3496 706 3555 fuerit
720 3484 759 3567 (f.
776 3484 838 3566 d.).

428 3616 490 3655 om.
507 3616 589 3654 anno
603 3601 683 3667 regio
699 3597 829 3656 Henriei
846 3641 853 3656 .
874 3641 881 3657 .
902 3640 910 3656 .
931 3641 938 3657 .
957 3602 982 3657 si
997 3596 1169 3656 Willelmuo
1183 3598 1224 3657 de
1239 3597 1430 3670 Ludington,
1447 3584 1495 3669 (in
1510 3601 1668 3668 comitutu,
1687 3584 1782 3667 ΜΗ).

430 3697 523 3755 breve
537 3684 635 3767 (idem
650 3684 766 3766 breve).

348 3806 410 3877 CF,
428 3804 491 3864 LT.

430 3909 456 3964 oi
470 3891 511 3976 (si
525 3892 655 3976 autem).

430 4009 526 4077 possit
540 3992 617 4076 (non
632 3993 753 4076 possit).

431 4105 507 4165 illud
521 4092 593 4177 (per
606 4093 708 4176 illud).

348 4214 414 4285 CA,
432 4214 471 4272 X.

431 4313 540 4373 eodem
554 4301 603 4384 (et
618 4300 751 4384 eodem).

348 4422 419 4494 OA,
437 4422 508 4493 OG,
527 4422 605 4494 OM,
622 4422 694 4493 MC,
712 4421 785 4493 MF,
799 4422 864 4493 CA,
882 4422 945 4495 CE,
963 4422 1031 4495 LA,
1050 4423 1086 4496 P,
1103 4423 1154 4496 W,
1171 4423 1213 4496 X,
1231 4423 1306 4495 HA,
1324 4425 1363 4484 Υ.

431 4523 498 4593 plus
514 4527 648 4594 posuerit
662 4509 836 4594 (posuerit).

430 4642 522 4694 quum
535 4609 619 4694 (pluo
634 4610 751 4695 quum),
767 4609 898 4694 (÷0D,
917 4610 1001 4694 PH).

350 4729 421 4801 OG,
439 4730 478 4789 Y.

432 4830 474 4889 de
487 4818 534 4900 (id
549 4817 614 4901 de).

433 4935 466 4988 in
481 4916 561 5000 (de).

432 5033 458 5088 si
472 5017 512 5099 (si
526 5017 593 5100 de),
610 5016 763 5100 (÷MH).

433 5137 515 5188 sture
529 5115 709 5200 (constare).

352 5237 423 5308 MC,
438 5236 504 5296 LA.

433 5338 563 5396 Henriei
578 5342 658 5409 regis
672 5324 712 5409 (r.
733 5325 805 5409 Η.).

433 5442 458 5496 oi
474 5425 656 5508 (diueismoe
669 5425 720 5508 oi).
