4448 6366
716 354 931 415 PEDIGREE
953 356 1008 415 OF
1030 355 1119 414 THE
1142 355 1437 416 MANUSCRIPTS

219 527 346 604 teob
359 531 405 604 of
419 528 520 605 CCl¹
574 531 681 604 Built
696 556 761 624 up,
779 530 865 604 that
879 532 922 619 is,
940 532 974 604 if
987 532 1017 606 it
1032 556 1130 605 were
1144 541 1213 605 not
1227 533 1286 605 for
1300 532 1385 606 ME
1398 532 1474 605 and
1489 533 1572 606 LB.
1631 532 1709 606 For
1721 531 1829 606 these
1842 542 1923 606 two

220 665 480 756 manuscripts
497 673 564 738 cut
588 664 693 738 short
711 690 782 738 our
799 664 1012 758 theorizing
1039 666 1092 757 by
1110 666 1247 758 telling
1272 691 1316 740 us
1337 665 1423 739 that
1452 665 1528 740 this
1555 666 1585 740 is
1607 691 1630 738 a
1651 691 1735 740 case
1757 666 1856 739 from
1875 675 1922 740 16

219 796 393 871 Edward
420 798 440 870 I
470 797 594 871 which
623 797 740 873 hasa
769 799 890 872 direct
918 798 1074 892 bearing
1099 824 1205 891 upon
1232 799 1299 873 the
1328 800 1500 873 fortunas
1529 799 1574 872 of
1598 798 1665 873 the
1693 799 1922 873 discredited

213 926 355 1023 judge,
394 930 563 1005 Thomas
598 932 646 1005 de
681 931 909 1024 Weyland.’
976 933 1056 1006 We
1090 932 1185 1006 shall
1219 932 1406 1025 probably
1441 956 1556 1006 never
1589 942 1656 1025 get
1691 956 1767 1025 any
1801 933 1922 1006 direct

218 1065 405 1138 evidence
424 1065 463 1138 in
480 1065 615 1158 regard
633 1075 675 1138 to
693 1064 760 1139 the
779 1066 904 1140 actual
922 1066 1047 1159 origin
1064 1067 1109 1139 of
1130 1066 1198 1140 the
1219 1063 1370 1152 Corbio,
1401 1063 1519 1141 Wokc
1536 1065 1757 1157 Mantagm
1786 1066 1920 1141 Tater-

217 1193 324 1285 aalle,
362 1196 546 1285 Greadel,
583 1197 825 1286 Nemeaham,
865 1200 940 1273 and
974 1199 1086 1273 other
1119 1210 1240 1274 notes.
1297 1200 1378 1274 Yet
1414 1199 1512 1273 until
1547 1224 1606 1272 we
1641 1199 1704 1286 do,
1743 1199 1920 1274 different

218 1330 387 1406 scholars
405 1331 483 1405 will
500 1333 540 1404 in
558 1332 607 1405 all
625 1333 857 1425 probability
875 1334 1057 1407 continue
1080 1343 1122 1406 to
1144 1332 1240 1406 offer
1257 1333 1435 1407 different
1453 1333 1718 1426 explanations
1736 1358 1775 1406 as
1793 1343 1835 1407 to
1853 1332 1921 1406 the

218 1465 404 1558 meaning
421 1466 467 1538 of
489 1464 597 1540 these
625 1466 829 1558 particular
856 1466 1111 1541 annotations.
1170 1467 1250 1541 But
1273 1467 1304 1540 it
1322 1467 1353 1540 is
1371 1467 1567 1558 assuming
1584 1475 1652 1540 too
1670 1466 1786 1539 much
1805 1467 1839 1538 if
1862 1491 1920 1540 we

218 1597 312 1671 take
329 1598 397 1671 the
415 1599 584 1672 altitude
609 1599 695 1673 that
723 1600 890 1673 Bracton
908 1599 1037 1673 would
1065 1600 1111 1672 be
1137 1599 1204 1672 the
1231 1600 1323 1691 only
1341 1624 1427 1686 one,
1449 1625 1492 1672 or
1509 1623 1605 1672 even
1632 1598 1699 1672 the
1726 1623 1799 1672 one
1817 1609 1920 1673 most

217 1730 352 1824 likely,
373 1741 416 1805 to
435 1731 547 1805 make
564 1731 657 1806 such
676 1732 883 1806 references
901 1742 944 1806 to
962 1758 1064 1806 cases
1082 1733 1121 1806 in
1138 1732 1206 1806 the
1225 1733 1391 1826 margins
1409 1733 1487 1805 ofa
1505 1733 1571 1807 De
1583 1729 1767 1824 Legibus.
1824 1719 1920 1824 Any

218 1865 364 1957 lawyer
381 1864 508 1958 might
526 1865 576 1938 do
601 1866 642 1938 it.
700 1866 795 1939 And
816 1866 893 1939 this
914 1867 1025 1958 point
1047 1866 1184 1940 should
1207 1867 1254 1939 be
1276 1866 1528 1959 emphasized.
1585 1866 1710 1939 These
1732 1866 1858 1958 copies
1881 1867 1927 1939 of

220 1999 426 2072 Bracton’s
444 1998 546 2072 book
564 2023 663 2072 were
682 1999 793 2072 made
812 2000 870 2073 for
888 2024 977 2073 men
995 1999 1202 2073 interested
1225 2001 1265 2072 in
1287 2000 1336 2073 its
1359 2009 1529 2073 context.
1587 1998 1921 2092 The·appearance

219 2132 267 2205 of
281 2156 399 2224 many
417 2133 462 2205 of
483 2131 592 2206 them
610 2132 734 2206 shows
752 2133 897 2225 plainly
914 2133 999 2206 that
1018 2132 1085 2206 the
1103 2157 1233 2206 owner
1249 2133 1316 2206 did
1334 2143 1403 2206 not
1421 2133 1583 2206 hesitate
1602 2142 1645 2205 to
1662 2142 1845 2206 annotate
1862 2132 1920 2207 his

218 2290 322 2358 copy
340 2275 382 2338 to
405 2265 480 2339 suit
504 2265 561 2339 his
582 2266 847 2340 convenience.
905 2267 974 2339 An
995 2267 1221 2359 interesting
1238 2267 1354 2359 proof
1371 2266 1455 2340 that
1474 2266 1644 2358 lawyers,
1667 2290 1763 2340 even
1785 2291 1807 2339 a
1828 2265 1921 2359 long

218 2399 318 2472 time
335 2399 434 2472 aster
452 2399 631 2485 Bracton,
654 2399 782 2472 would
801 2398 913 2473 make
931 2399 999 2474 the
1016 2424 1121 2473 same
1139 2398 1231 2473 kind
1250 2400 1295 2473 of
1318 2399 1503 2492 marginal
1527 2399 1736 2473 references
1758 2409 1800 2473 to
1818 2423 1920 2474 cases

218 2531 307 2605 that
324 2556 383 2604 we
401 2531 497 2605 have
515 2532 612 2606 been
630 2533 870 2626 considering
888 2534 918 2606 is
936 2533 1057 2606 found
1071 2534 1111 2607 in
1125 2533 1192 2607 W.
1252 2535 1300 2606 In
1314 2533 1380 2606 the
1395 2533 1545 2625 margin
1562 2532 1607 2605 of
1620 2532 1645 2606 f.
1665 2540 1726 2618 57,
1744 2533 1919 2625 opposite

326 2696 336 2726 ²
353 2695 380 2746 lt
391 2711 481 2746 comes
494 2712 560 2746 near
570 2695 618 2746 the
630 2695 683 2746 end
695 2696 727 2747 oi
735 2701 802 2748 sect.
817 2701 843 2756 9,
857 2696 877 2748 f.
894 2701 941 2747 136
952 2696 985 2747 of
993 2695 1031 2758 V,
1045 2696 1133 2748 which
1151 2711 1205 2747 see.

325 2794 336 2825 ¹
350 2793 416 2846 This
429 2811 491 2846 case
502 2811 532 2847 as
544 2797 627 2859 given
638 2798 666 2846 in
680 2796 734 2848 ΜΕ
746 2797 800 2847 and
814 2796 861 2847 LB
874 2799 895 2848 is
908 2796 1000 2848 rather
1011 2797 1076 2860 long
1093 2797 1135 2847 for
1151 2813 1167 2847 a
1185 2797 1317 2857 footnote,
1331 2796 1382 2848 but
1398 2797 1516 2848 because
1532 2798 1555 2847 it
1572 2798 1594 2847 is
1612 2797 1776 2859 interesting
1792 2798 1820 2846 in
1838 2795 1921 2858 hesli,

219 2879 276 2930 aud
289 2879 347 2930 also
358 2878 436 2943 helps
448 2883 497 2930 out
508 2878 557 2929 the
568 2879 742 2930 information
755 2882 836 2943 given
849 2882 877 2930 in
890 2879 937 2932 the
948 2879 1098 2931 chroniclea
1110 2879 1169 2939 (see
1180 2879 1250 2930 Dra.
1264 2879 1339 2930 Nati.
1350 2879 1427 2942 Bion.
1439 2879 1526 2930 under
1537 2878 1654 2930 Thomas
1666 2879 1701 2930 de
1713 2877 1871 2942 Weyland),
1882 2896 1923 2930 we

221 2961 276 3012 will
286 2964 349 3025 give
358 2964 380 3013 it
390 2961 463 3014 here.
502 2963 529 3013 lt
540 2962 594 3012 will
604 2966 635 3013 at
646 2963 716 3014 least
725 2963 800 3014 show
810 2979 862 3014 one
870 2969 939 3027 type
949 2963 981 3014 of
986 2963 1092 3014 addicis
1104 2963 1191 3014 which
1204 2963 1252 3014 has
1262 2968 1339 3028 crept
1348 2965 1406 3014 into
1415 2962 1463 3014 the
1472 2967 1554 3014 texts.
1590 2960 1678 3013 There
1689 2978 1736 3012 are
1746 2979 1762 3012 a
1775 2961 1827 3012 few
1836 2964 1924 3013 minor

221 3044 385 3096 differences
398 3047 425 3095 in
437 3044 485 3096 the
497 3050 558 3096 text
569 3045 601 3096 of
614 3046 662 3096 the
674 3051 729 3097 two
741 3045 818 3099 Mas.
855 3045 1015 3110 Correcting
1032 3062 1084 3097 one
1094 3046 1132 3110 by
1151 3046 1198 3098 the
1210 3046 1289 3098 other
1301 3063 1340 3096 we
1353 3045 1460 3110 gettha
1473 3045 1610 3109 following
1621 3060 1747 3109 passages
1768 3044 1874 3097 “Casus
1886 3045 1921 3096 de

220 3128 344 3181 Jordano
354 3129 390 3179 de
402 3128 550 3180 Vavasore.
586 3129 640 3182 sed
654 3135 718 3180 nota
730 3128 774 3180 hic
786 3146 880 3181 casum
892 3132 939 3194 qui
949 3132 1066 3194 contigit
1074 3146 1146 3181 anno
1155 3132 1226 3195 regis
1236 3130 1361 3181 Edwardi
1372 3129 1419 3180 lilii
1431 3127 1544 3181 Henrici
1554 3134 1632 3180 sexto
1643 3129 1750 3180 decimo
1758 3129 1793 3180 da
1801 3127 1923 3180 Jordano

222 3211 258 3262 de
271 3211 419 3274 Vavasore,
433 3214 480 3275 qui
497 3229 514 3262 a
532 3214 600 3263 turri
620 3211 734 3264 London
752 3215 779 3263 in
797 3230 851 3276 qua
869 3212 1053 3277 proquodam
1071 3215 1184 3264 crimine
1196 3213 1305 3277 capitali
1319 3213 1433 3264 vinculis
1445 3213 1621 3264 detinebatur
1633 3212 1766 3275 usquead
1778 3212 1922 3264 ecclesiam

220 3295 338 3346 fratrum
351 3297 486 3346 minorum
498 3295 620 3346 eiusdem
632 3297 752 3347 civitatis
764 3301 908 3348 noctanter
918 3299 1015 3358 evasit,
1029 3299 1056 3346 in
1075 3313 1129 3360 qua
1147 3313 1177 3348 ss
1194 3298 1285 3348 tenuit
1301 3297 1388 3347 donec
1406 3312 1521 3360 regnum
1537 3295 1683 3356 abiuravit,
1697 3295 1749 3346 sub
1761 3295 1811 3347 hac
1823 3295 1921 3346 formas

223 3377 287 3430 Hoc
298 3378 400 3429 auditis
413 3393 460 3430 vos
472 3384 643 3430 coronatores
655 3379 757 3430 domini
770 3381 841 3443 regis
853 3379 958 3440 fideles,
973 3379 1046 3443 quod
1058 3396 1110 3444 ego
1127 3379 1264 3432 Jordanua
1280 3396 1330 3444 pro
1342 3380 1389 3430 tali
1402 3381 1515 3430 crimine
1527 3379 1600 3442 quod
1618 3381 1744 3442 nequiter
1755 3380 1920 3442 perpetravi,

222 3461 304 3512 exibo
315 3477 430 3526 regnum
444 3461 553 3526 Anglioe
563 3468 592 3514 et
605 3478 753 3526 numquam
766 3465 793 3513 in
811 3463 884 3513 idem
902 3465 961 3514 sine
978 3464 1088 3514 licentia
1105 3462 1208 3514 domini
1226 3465 1297 3527 regis
1316 3463 1358 3514 vel
1376 3462 1508 3514 heredum
1525 3478 1636 3513 suorum
1653 3467 1748 3527 postea
1765 3461 1922 3513 redditurus

222 3561 295 3605 sum,
309 3547 349 3596 sic
368 3561 412 3595 me
433 3544 509 3606 deus,
523 3550 577 3596 etc.
614 3545 651 3596 Et
671 3548 711 3596 sic
731 3546 882 3597 secundum
903 3547 1017 3597 formam
1037 3549 1157 3610 oportuit
1178 3548 1267 3610 ipsum
1287 3545 1392 3597 factum
1413 3545 1522 3597 felonioe
1541 3561 1599 3597 sure
1618 3561 1709 3597 coram
1729 3547 1802 3595 omni
1823 3545 1923 3610 populo

223 3643 426 3692 recognoscere,
442 3644 491 3679 nec
503 3631 593 3692 potuit
611 3629 661 3680 sibi
679 3635 785 3680 certum
802 3635 911 3694 portum
929 3629 1039 3692 eligere,
1054 3629 1102 3680 sed
1119 3635 1214 3694 portus
1231 3631 1407 3694 propinquior
1424 3629 1475 3680 sibi
1489 3629 1680 3680 nominabatur
1691 3631 1829 3692 certaeque
1840 3629 1923 3680 dietas

222 3711 328 3762 dictum
340 3716 449 3776 portum
461 3710 580 3762 adeundi
592 3712 708 3763 limitate
720 3712 772 3763 sibi
784 3715 811 3763 in
824 3714 933 3776 scriptis
945 3712 1132 3764 tradebantur.
1169 3711 1220 3765 Cui
1233 3713 1387 3777 specialiter
1397 3717 1457 3763 erat
1469 3712 1615 3763 inhibitum
1628 3729 1662 3762 ne
1673 3728 1689 3762 a
1702 3717 1776 3762 recta
1788 3713 1831 3762 via
1841 3727 1922 3776 regea

222 3793 323 3845 alicubi
335 3793 486 3845 declinaret
497 3795 583 3846 donec
595 3811 710 3859 regnum
722 3797 794 3859 regis
806 3796 981 3859 corporaliter
991 3797 1130 3848 exivisset.
1167 3795 1222 3861 Qui
1232 3811 1319 3860 usque
1330 3795 1365 3846 ad
1378 3799 1486 3860 portum
1495 3795 1531 3846 de
1541 3794 1647 3846 Dovere
1656 3794 1922 3859 legaliteracoedens

224 3893 288 3928 cum
299 3881 446 3929 transitum
457 3883 613 3943 promptum
627 3894 679 3929 non
692 3878 814 3939 baberet,
829 3881 858 3929 in
870 3879 988 3942 quadam
999 3879 1081 3930 domo
1092 3895 1170 3930 secus
1182 3879 1248 3930 litua
1260 3881 1342 3930 maris
1354 3877 1390 3929 de
1401 3879 1512 3930 licentia
1522 3884 1616 3929 autem
1627 3878 1788 3929 ballivorum
1800 3877 1921 3929 eiusdem

224 3965 318 4024 portus
331 3966 389 4012 tota
402 3966 482 4012 nocte
494 3961 651 4012 morabatur
662 3963 689 4012 in
702 3965 822 4013 crastino
832 3965 978 4013 transitum
991 3962 1170 4027 expectando.
1208 3961 1339 4027 Quicum
1357 3963 1421 4013 licet
1439 3979 1492 4013 non
1510 3961 1627 4012 multum
1639 3966 1717 4012 extra
1728 3963 1801 4012 viam
1813 3976 1922 4024 regeam

224 4059 273 4108 per
284 4046 408 4096 inimicos
420 4059 483 4096 suos
501 4045 684 4109 exploratores
702 4050 775 4096 esset
793 4045 978 4109 deprehensus
990 4046 1025 4096 ad
1043 4044 1149 4096 Turrim
1164 4044 1286 4105 london,
1300 4046 1335 4096 de
1347 4062 1402 4109 qua
1413 4048 1488 4109 prius
1499 4047 1627 4105 evaserit,
1642 4043 1809 4095 reduxerunt
1821 4043 1922 4095 ibidem

224 4127 339 4178 sollicite
351 4127 557 4179 custodiebatur
567 4128 654 4179 donec
666 4128 776 4192 capitali
789 4131 925 4180 sententia
936 4129 1110 4192 plecteretur.
1147 4128 1184 4180 Et
1196 4131 1235 4179 sic
1247 4133 1324 4192 patet
1336 4128 1482 4192 diligenter
1494 4130 1612 4179 intuenti
1625 4127 1742 4190 qualiter
1753 4126 1922 4178 consuetudo

223 4226 304 4274 super
314 4212 391 4275 prius
402 4210 557 4262 huiusmodi
570 4213 671 4263 usitata
683 4211 818 4263 modernis
830 4212 999 4276 temporibus
1011 4217 1054 4263 est
1066 4217 1180 4263 mutata.
1216 4211 1270 4264 Sed
1280 4210 1338 4262 haec
1347 4211 1420 4263 facta
1430 4216 1495 4262 sunt
1505 4211 1665 4274 providente
1673 4209 1705 4261 T.
1713 4210 1749 4260 de
1758 4209 1920 4273 Weylande,

224 4298 291 4345 tunc
302 4294 412 4359 capitali
425 4296 574 4346 iusticiario
585 4297 612 4345 in
629 4295 718 4346 banco
734 4295 836 4346 domini
855 4297 926 4359 regis
943 4295 1016 4359 apud
1029 4294 1311 4356 westmonasterium,
1325 4295 1360 4346 ad
1378 4295 1457 4345 cuius
1474 4296 1633 4344 instantiam
1651 4297 1679 4344 et
1696 4293 1922 4344 consuetudinem

224 4379 378 4428 immutatio
398 4379 538 4442 perpetuis
557 4378 725 4442 temporibus
743 4377 912 4429 observanda
928 4379 1039 4430 decreta
1057 4384 1108 4430 est.
1147 4378 1218 4444 Quae
1234 4378 1316 4442 paulo
1333 4383 1395 4442 post
1413 4379 1440 4427 iu
1458 4393 1601 4441 personam
1620 4376 1742 4428 eiusdem
1759 4375 1790 4428 T.
1805 4378 1922 4441 contigit

223 4460 368 4514 observari.
406 4459 478 4525 Quia
490 4477 553 4512 cum
564 4460 600 4511 de
610 4461 710 4512 felonia
723 4463 918 4525 receptamenti
931 4467 1051 4514 rectatus
1063 4463 1209 4522 extitisset,
1223 4467 1252 4512 et
1263 4477 1311 4525 per
1323 4461 1374 4512 loci
1387 4463 1576 4512 vicecomitem
1586 4464 1698 4524 propter
1709 4459 1760 4510 hoc
1771 4464 1921 4511 arrestatus

224 4543 330 4605 fuisset,
344 4543 476 4607 usquead
489 4543 601 4595 domum
613 4543 729 4595 fratrum
741 4546 876 4595 minorum
888 4545 922 4596 de
935 4544 1069 4595 Babewell
1082 4547 1158 4596 iuxta
1169 4544 1287 4609 burgum
1299 4544 1393 4597 Sancti
1406 4543 1544 4595 Edmundi
1556 4543 1661 4594 callidis
1673 4542 1920 4595 machinationibus

224 4628 320 4687 evasit,
343 4626 522 4689 habitumque
543 4627 679 4691 religionis
700 4626 848 4678 eorundem
867 4644 930 4678 cum
950 4633 1062 4679 tonsura
1083 4627 1233 4688 deferebat,
1255 4628 1339 4678 barba
1360 4633 1452 4678 tamen
1473 4627 1524 4677 sibi
1544 4631 1662 4686 retenta,
1684 4627 1731 4689 qui
1752 4641 1801 4689 per
1820 4625 1921 4678 multas

225 4709 412 4761 tribulationes
432 4715 461 4761 et
481 4709 562 4761 famis
582 4712 697 4773 sitisque
717 4711 905 4762 tribulationes
926 4713 1023 4774 gratia
1043 4713 1115 4774 regis
1135 4726 1165 4762 se
1186 4710 1301 4762 reddens
1321 4710 1355 4761 ad
1377 4709 1485 4761 Turrim
1507 4708 1619 4760 London
1649 4725 1697 4773 per
1714 4708 1842 4760 custodes
1858 4723 1921 4761 suos

224 4795 340 4857 gratiam
361 4793 412 4844 sibi
432 4795 624 4857 promittentes
644 4794 780 4845 adductus
801 4798 852 4845 est.
890 4793 940 4846 Cui
962 4811 1009 4844 rex
1029 4794 1064 4845 de
1084 4793 1196 4845 consilio
1214 4809 1264 4845 suo
1281 4795 1398 4857 gratiam
1415 4793 1548 4854 exhibuit,
1563 4792 1668 4844 scilicet
1680 4792 1763 4843 talem
1775 4791 1847 4855 quod
1860 4794 1919 4856 ipse

224 4891 338 4940 mgnum
358 4892 439 4928 suum
458 4876 596 4927 abiuraret
617 4893 713 4928 novem
733 4877 822 4927 dietas
842 4894 858 4927 a
878 4877 957 4928 Turri
980 4876 1093 4928 London
1114 4877 1255 4940 usquead
1276 4882 1386 4942 porturn
1403 4877 1438 4927 de
1457 4876 1573 4937 Dosara,
1590 4876 1679 4927 eidem
1692 4875 1920 4927 concedendocui

223 4959 337 5023 singulls
350 4958 477 5011 noctibus
489 4961 516 5010 in
529 4959 619 5011 medio
630 4965 725 5012 straba
737 4975 827 5024 regem
838 4960 1028 5011 miserabiliter
1039 4965 1068 5012 et
1085 4963 1264 5011 irreverenter
1280 4960 1369 5012 lectus
1385 4960 1533 5023 parabatur
1545 4958 1697 5022 sedensque
1710 4961 1737 5009 in
1750 4959 1828 5010 litore
1840 4961 1921 5009 maris

222 5041 309 5094 donec
320 5045 453 5094 transitus
465 5043 516 5094 sibi
529 5043 725 5107 provideretur.
762 5043 799 5094 Et
812 5045 852 5095 sic
862 5043 935 5107 quod
948 5046 976 5094 iu
987 5044 1099 5094 alterius
1111 5059 1226 5107 persona
1238 5045 1345 5108 propria
1356 5059 1390 5093 ex
1403 5042 1551 5107 postfacto
1563 5043 1704 5107 reprobare
1717 5042 1922 5094 consuetudinis

223 5124 333 5188 quidem
345 5127 501 5177 immutatio
512 5125 735 5189 (LB=mutatio)
748 5142 797 5190 per
808 5127 925 5178 eundem
937 5127 1011 5177 facta
1022 5129 1050 5177 in
1062 5127 1212 5190 dampnum
1224 5126 1346 5178 eiusdem
1358 5131 1453 5190 postea
1465 5141 1596 5177 conversa
1613 5141 1663 5190 pro
1674 5130 1780 5176 statuto
1790 5129 1922 5188 perpetuo

222 5208 357 5260 modernis
369 5209 537 5273 temporibus
549 5215 592 5261 est
603 5209 757 5260 observata.
795 5209 831 5260 Et
843 5209 916 5260 unde
929 5225 1012 5261 senex
1023 5210 1103 5270 dixit,
1124 5208 1186 5261 ‘ort
1205 5225 1280 5260 owen
1301 5209 1381 5260 dome
1400 5224 1433 5259 ac
1454 5225 1529 5260 owen
1550 5207 1632 5259 durre
1651 5206 1801 5260 charretb.’
1814 5203 1833 5229 ’'
1870 5206 1920 5270 My

224 5290 382 5343 thanksare
393 5291 448 5342 due
460 5296 489 5343 to
507 5292 555 5344 tbe
576 5291 710 5345 Lambeth
731 5292 881 5354 librarian,
896 5292 965 5344 Rev.
980 5292 1083 5345 Claude
1101 5291 1229 5354 Jenlrins,
1243 5292 1286 5344 for
1304 5292 1405 5356 having
1424 5291 1592 5344 transcribed
1611 5291 1665 5342 and
1684 5296 1747 5343 sent
1764 5295 1794 5342 to
1812 5307 1856 5341 me
1875 5290 1922 5341 the

225 5389 339 5439 passage
351 5377 379 5426 in
393 5373 450 5426 LB.

1056 5517 1094 5571 83
