4470 6366
889 357 1102 417 BRACTON:
1129 356 1188 417 DE
1211 356 1393 416 LEGIBUS

415 542 510 601 debet
524 528 683 612 (debent).

414 641 531 700 scilicet
545 647 591 700 ius
606 646 665 699 nisi
677 628 777 711 (nisi).

415 761 520 800 eorum
534 740 650 799 radices
664 728 704 810 (r.
723 729 783 813 e.)‚
800 727 913 810 (ΗΚ).

337 842 400 914 ΜΙ,
419 841 480 900 LC.

416 950 532 1000 carum
545 929 675 1010 (cartam
691 929 819 1011 potest).

417 1042 543 1100 habebit
557 1029 695 1111 (habet).

419 1150 451 1200 et
465 1129 576 1212 (quia).

334 1242 409 1313 ME,
427 1241 499 1312 MF,
518 1242 542 1299 P
557 1227 747 1313 (marginal).

417 1341 491 1400 secit
505 1328 655 1411 (fecerit).

416 1447 449 1499 in
463 1428 511 1511 (et
526 1446 683 1500 iusticiam
697 1429 756 1510 in).

416 1541 467 1600 dei
481 1529 628 1611 (viventis
643 1529 719 1610 dei).

415 1642 510 1700 habet
524 1647 640 1699 socium
653 1629 693 1710 (s.
713 1628 774 1711 Β),
791 1628 943 1710 (†0M).

416 1760 473 1800 nec
487 1728 586 1812 (nisi),
604 1729 671 1812 (ne,
690 1740 762 1812 MF,
781 1727 831 1810 P),
847 1727 994 1810 (÷0D).

419 1841 494 1900 fiant
507 1829 664 1912 (fuerint).

417 1961 458 1999 ne
472 1929 588 2012 (tunc).

416 2041 550 2099 clamant
564 2027 782 2112 (clamabunt),
799 2027 961 2110 (clament,
980 2025 1068 2108 MF).

416 2141 530 2199 subditi
544 2127 674 2210 (subditi
690 2149 722 2198 et
736 2128 869 2209 dicent).

416 2241 492 2300 Jesu
507 2241 627 2298 Christe
641 2227 758 2311 (Jesu),
775 2226 907 2310 (†01),
927 2227 1017 2309 HA).

416 2345 591 2412 constringe
606 2340 742 2398 maxillas
759 2359 863 2398 eorum
876 2325 933 2409 (m.
953 2359 980 2398 e.
1001 2326 1059 2408 c.).

417 2461 489 2499 voca
505 2427 659 2512 (vocabo),
676 2426 806 2510 (vocabo
820 2441 946 2510 vocabo,
965 2427 1052 2508 MF).

335 2541 386 2600 vel
400 2529 499 2612 (nec),
518 2540 590 2612 MF,
608 2541 678 2598 CH.

334 2642 420 2699 brevi
434 2627 557 2711 (bene),
576 2640 653 2711 MK,
673 2641 707 2698 B.

336 2746 360 2800 si
376 2728 425 2810 (et
439 2729 490 2812 si),
510 2740 582 2812 MF,
600 2741 638 2800 X.

335 2849 460 2913 propter
473 2827 569 2912 (per),
588 2840 662 2912 ME,
681 2839 744 2899 LB.

335 2947 407 2999 socii
421 2927 522 3012 (quasi
537 2927 635 3011 socii),
654 2940 721 3011 OC,
739 2941 809 3000 OG.

334 3042 429 3100 habet
445 3049 476 3100 et
490 3027 627 3111 (habet),
646 3040 708 3111 CB,
727 3040 766 3098 X.

334 3141 415 3212 quod
429 3127 546 3212 (quos),
565 3140 639 3211 ME,
658 3141 691 3199 P.

334 3242 444 3313 legatis
459 3228 603 3312 (ligatis),
622 3240 685 3312 MI,
700 3240 736 3298 B.

335 3341 465 3412 pedibus
481 3349 513 3399 et
528 3342 668 3398 mnibus
683 3360 788 3398 eorum
802 3327 848 3412 (p.
867 3359 896 3398 e.
915 3347 947 3398 et
961 3327 1032 3408 m.).

980 3574 1124 3647 FOL10s
1150 3573 1291 3647 aab-35

333 3769 427 3824 vitam
440 3751 550 3835 (vitam
564 3751 623 3836 et),
641 3764 707 3835 OC,
726 3763 803 3834 OM,
822 3763 898 3834 MA,
916 3762 995 3833 MD,
1013 3762 1087 3834 ME,
1105 3762 1178 3834 MF,
1197 3763 1278 3834 MH,
1295 3762 1358 3834 CB,
1376 3764 1437 3836 CC,
1456 3764 1490 3835 P,
1509 3764 1548 3834 Y,
1567 3764 1642 3836 HA,
1661 3764 1734 3836 ΗΒ,
1751 3764 1822 3824 CM.

331 3873 434 3937 potest
451 3850 606 3936 (poterit),
627 3864 693 3935 OC,
712 3864 779 3935 OF,
797 3863 874 3934 OM,
893 3863 965 3934 MC,
987 3862 1068 3934 MH,
1091 3863 1169 3934 MG,
1192 3862 1255 3935 Ml,
1273 3863 1351 3934 MK,
1369 3863 1444 3934 ML,
1462 3864 1528 3934 CA,
1546 3865 1608 3935 CB,
1628 3864 1696 3936 LA,
1716 3865 1778 3936 LC,
1797 3864 1867 3937 LD,
1887 3866 1924 3937 B,
1942 3867 1983 3937 X,

418 3964 494 4035 HA,
513 3963 585 4035 ΗΒ,
603 3963 674 4022 CM.

332 4085 395 4123 non
413 4070 453 4123 sit
471 4051 553 4136 (sit),
575 4063 643 4135 OB,
665 4063 742 4135 MA,
765 4062 838 4134 ΜΒ,
862 4062 940 4134 MD,
963 4062 1038 4133 ME,
1060 4062 1133 4134 MF,
1155 4063 1237 4134 MH,
1260 4061 1324 4135 ΜΙ,
1347 4063 1424 4135 MN,
1447 4064 1508 4134 CC,
1531 4064 1594 4135 LC,
1617 4063 1681 4136 LF,
1704 4064 1773 4136 LG,
1799 4066 1834 4136 P,
1859 4066 1900 4137 X,
1925 4066 1986 4124 ΗΒ

416 4152 483 4235 (CB
497 4152 620 4234 above),
638 4164 709 4223 CM.

334 4269 519 4336 privatarum
532 4251 698 4336 (privatae),
717 4263 795 4334 OM,
813 4262 890 4334 MG,
909 4262 972 4335 Ml,
991 4263 1059 4333 LA,
1079 4263 1141 4334 LC,
1160 4262 1229 4335 LD,
1248 4263 1322 4322 HA.

297 4251 312 4452 A
335 4371 530 4437 privatorum,
549 4364 620 4434 OA,
639 4364 705 4434 OC,
723 4364 790 4433 OF,
809 4362 887 4434 MK,
905 4362 979 4434 ML,
997 4362 1060 4433 CB,
1078 4362 1115 4433 B,
1135 4362 1205 4421 ΗΒ.

330 4469 393 4523 sint
407 4483 582 4522 communes
597 4451 639 4533 (c.
658 4452 713 4534 s.),
731 4463 797 4534 OC,
815 4463 882 4534 OF,
900 4463 972 4534 OG,
990 4462 1068 4534 OM,
1087 4463 1162 4534 HA,
1181 4463 1254 4534 ΗΒ,
1272 4462 1344 4534 CM,
1364 4463 1441 4534 MG,
1461 4463 1543 4535 MH,
1562 4464 1625 4534 Ml,
1648 4464 1723 4535 ML,
1745 4464 1811 4536 CA,
1833 4466 1897 4536 CB,
1920 4465 1984 4538 ΒΒ,

421 4563 483 4634 LC,
502 4564 572 4635 LD,
590 4562 627 4635 B,
651 4551 706 4633 (sit
721 4582 908 4634 communes,
927 4550 1018 4632 MK).

330 4672 383 4723 aut
397 4664 546 4736 duplicari
567 4651 757 4734 (duplicari),
775 4663 841 4733 OC,
863 4663 930 4734 OF,
952 4663 1025 4733 OG,
1047 4662 1124 4734 OM,
1149 4663 1224 4734 HA,
1247 4662 1319 4734 ΗΒ,
1345 4663 1424 4734 MD,
1449 4663 1526 4734 MG,
1552 4664 1616 4734 ΜΙ,
1641 4665 1706 4735 CA,
1732 4665 1794 4736 CB,
1819 4666 1890 4737 CH,
1916 4665 1982 4736 ΒΒ,

420 4763 483 4835 Le,
502 4764 572 4834 LD,
589 4762 627 4834 Β,
644 4750 743 4833 (aliud
758 4763 918 4834 duplican,
936 4751 1026 4833 MK).

331 4871 420 4936 petat
434 4885 453 4921 a
468 4864 628 4922 donaborio
641 4850 769 4935 (petat),
788 4862 862 4933 ME,
880 4862 952 4934 MF,
971 4862 1053 4934 MH,
1071 4861 1134 4932 ΜΙ,
1153 4863 1213 4934 CC,
1233 4863 1294 4934 LC,
1314 4862 1383 4934 LD,
1402 4864 1437 4934 P,
1456 4864 1495 4934 Y,
1513 4865 1554 4935 X,
1573 4865 1644 4923 CM.

333 4964 458 5035 habere,
476 4963 547 5034 OA,
565 4962 632 5034 OB,
650 4963 715 5034 OC,
733 4963 806 5033 OG,
824 4962 899 5032 MA,
918 4962 990 5034 ΜΒ,
1009 4963 1081 5032 MC,
1100 4963 1177 5034 MD,
1196 4962 1269 5034 ME,
1288 4963 1360 5034 MF,
1383 4963 1460 5034 MN,
1483 4964 1542 5034 CC,
1565 4964 1628 5035 CE,
1651 4965 1712 5036 CF,
1736 4964 1799 5036 LF,
1822 4965 1891 5037 LG,
1915 4964 1980 5037 ΒΤ,

419 5063 454 5134 P,
472 5063 510 5122 Y.

333 5163 492 5233 adhibere,
511 5162 575 5235 ΜΙ,
594 5162 655 5221 LC.

332 5264 489 5335 exhibere,
506 5262 580 5333 OD,
598 5262 664 5333 OF,
682 5262 760 5332 OM,
779 5262 853 5333 HA,
873 5261 944 5334 HB,
966 5261 1043 5334 MG,
1067 5262 1149 5334 MH,
1172 5262 1247 5332 MK,
1271 5262 1345 5333 ML,
1367 5263 1433 5334 CA,
1455 5262 1518 5334 CB,
1540 5263 1612 5335 CH,
1634 5264 1706 5335 CM,
1728 5264 1796 5336 LA,
1819 5264 1885 5337 ΒΒ,
1911 5265 1982 5335 LD,

420 5362 458 5435 B,
476 5363 505 5422 X
512 5383 521 5434 ;
544 5364 672 5434 exiberi,
690 5361 756 5420 CD.

1115 5519 1172 5572 196
