4470 6366
875 375 1089 436 BRACFON:
1114 375 1173 436 DE
1195 375 1378 436 LEGIBUS

322 558 489 616 criminalia
503 544 671 629 (crimina),
690 558 763 630 ΜΒ,
782 558 858 618 MG.

322 677 390 728 quae
404 645 527 728 (quod),
547 657 627 730 ΜΗ,
647 658 709 717 CB.

318 759 458 829 quaedam
472 746 624 829 (quedam
639 746 737 829 sunt),
757 759 825 829 LD,
841 760 890 817 W.

317 858 470 917 inducunt
484 847 663 930 (inferunt),
679 858 752 930 ML,
771 859 819 917 W.

318 978 410 1029 quem
424 945 556 1029 (quam),
574 958 646 1029 OG,
665 959 746 1028 MH,
764 959 824 1017 CF.

318 1063 398 1118 sicut
410 1046 505 1128 (sicut
520 1045 581 1128 est)
598 1058 671 1129 ΜΒ,
689 1058 737 1117 W.

318 1163 401 1230 priua
415 1144 554 1230 (primo),
573 1159 649 1230 MA,
668 1158 736 1217 LD.

318 1263 352 1316 in
366 1245 446 1330 (ad),
464 1258 526 1328 CB,
545 1259 594 1317 W.

318 1359 377 1417 hoc
391 1347 439 1428 (in
453 1347 537 1429 hoc),
556 1359 626 1430 PH,
644 1359 685 1430 X,
704 1359 742 1418 Y.

318 1464 544 1518 accusationem
557 1445 794 1530 (accusantem),
812 1459 883 1529 OA,
903 1459 972 1518 PH.

839 1737 965 1810 Fomo
992 1735 1102 1810 laub.
1165 1733 1341 1810 Sncmon
1369 1743 1416 1810 12

321 1894 455 1951 Position
469 1892 505 1950 os
517 1893 597 1951 Item
611 1898 691 1952 iuste
706 1892 861 1964 utlagatus
879 1937 886 1951 .
907 1936 915 1951 .
936 1936 943 1951 .
965 1936 972 1952 .
990 1897 1076 1963 quasi
1090 1891 1182 1952 modo
1197 1897 1330 1965 genitus.

403 1994 446 2051 As
461 1999 494 2051 in
509 1993 563 2052 the
578 1994 702 2065 printed
718 2001 796 2064 text,
814 1992 887 2064 OD,
906 1993 982 2064 MA,
1002 1992 1080 2063 MD,
1099 1993 1168 2051 PH.

403 2094 445 2151 As
460 2113 478 2151 a
493 2094 604 2163 rubric,
622 2093 694 2163 OA,
712 2093 780 2164 ΟΒ,
798 2093 861 2164 CB,
878 2093 951 2164 ΗΒ,
968 2093 1031 2165 CE,
1049 2093 1111 2164 CF,
1129 2093 1197 2164 LG,
1216 2092 1279 2164 LT,
1297 2093 1337 2164 X,
1355 2080 1452 2164 (ΜΗ,
1472 2093 1534 2164 LB,
1554 2092 1589 2164 Β,
1616 2093 1693 2152 have
1714 2113 1747 2151 as
1768 2094 1869 2152 rubric
1891 2092 1937 2151 for
1957 2113 1976 2151 a

485 2192 564 2252 later
577 2181 720 2264 sectiou).

402 2293 543 2352 Omitted
557 2297 590 2351 in
605 2293 670 2364 OC,
689 2293 757 2364 OE,
776 2293 842 2364 OF,
860 2293 931 2364 OG,
950 2292 1028 2364 OM,
1046 2293 1121 2364 HA,
1139 2293 1213 2364 ΜΒ,
1239 2292 1310 2364 ΜΟ,
1336 2293 1410 2364 ME,
1435 2293 1512 2364 MG,
1538 2291 1601 2364 ΜΙ,
1627 2292 1701 2364 ML,
1726 2292 1792 2363 CA,
1816 2293 1876 2362 CC,
1903 2291 1971 2364 LA,

487 2393 548 2464 LC,
568 2392 637 2464 LD,
656 2391 719 2464 LF,
739 2393 774 2464 P,
792 2393 842 2464 W,
860 2393 898 2452 Y.

402 2480 520 2563 (Inacrt
535 2493 608 2552 here
623 2493 678 2552 the
691 2492 805 2552 addicto
819 2498 853 2551 in
866 2501 942 2552 sect.
966 2501 1014 2564 ll,
1033 2492 1099 2564 OC,
1113 2491 1180 2564 OF,
1195 2492 1266 2564 MC,
1282 2492 1360 2564 MD,
1376 2493 1449 2563 ME,
1465 2493 1542 2564 MG,
1557 2492 1639 2564 MH,
1653 2493 1724 2564 CM,
1740 2492 1805 2562 CA,
1820 2491 1882 2564 CB,
1901 2492 1974 2563 ΗΒ,

486 2594 546 2664 CC,
564 2592 629 2664 LB,
648 2592 716 2664 LD,
735 2592 772 2664 B,
792 2593 827 2664 P,
845 2593 895 2664 W,
912 2581 971 2663 X.)

319 2680 689 2766 inlagatum(inlagaria),
707 2692 776 2764 OB,
794 2693 865 2764 OG,
884 2692 961 2763 OM,
980 2692 1053 2764 ΜΒ,
1072 2693 1146 2764 ME,
1164 2691 1233 2764 LA,
1248 2693 1312 2764 LF,
1330 2693 1369 2764 Y,
1388 2692 1462 2751 HA.

319 2793 486 2866 inlagatus,
504 2792 576 2863 OD,
596 2793 667 2864 MC,
686 2792 765 2864 MD,
782 2793 848 2864 CA,
866 2793 927 2864 CC,
946 2791 1015 2851 LD.

319 2895 486 2966 inlegatus,
504 2894 571 2964 OF,
590 2893 666 2952 MG.

319 2993 503 3065 utlagatum,
522 2993 590 3063 OE,
610 2993 673 3063 Ml,
692 2991 754 3051 LC.

320 3095 487 3165 utlagatus,
506 3092 543 3165 B,
562 3094 612 3164 W,
630 3093 670 3163 X,
690 3093 760 3151 ΗΒ.

319 3194 430 3266 inlag„
448 3194 520 3265 OA,
538 3193 604 3264 OC,
623 3192 705 3264 MH,
722 3192 785 3264 CB,
804 3192 872 3262 LG,
891 3193 926 3263 P,
945 3192 1016 3264 PH,
1034 3192 1104 3251 CM.

319 3295 462 3367 inlagat„
481 3293 558 3364 MA,
577 3293 649 3351 ML.

318 3395 479 3467 inlagatio,
497 3394 560 3464 CE,
578 3394 639 3464 CF,
658 3393 721 3451 LT.

319 3494 446 3566 inlags„
464 3492 537 3551 ML.

320 3615 378 3653 nec
391 3579 534 3665 (neque),
551 3592 622 3663 OA,
641 3592 708 3664 OB,
727 3591 800 3664 OD,
819 3591 896 3663 OM,
915 3592 991 3662 MA,
1009 3592 1081 3662 MC,
1099 3591 1176 3662 MD,
1194 3591 1257 3662 CE,
1275 3591 1343 3662 LA,
1362 3590 1426 3662 LF,
1444 3591 1512 3662 LG,
1531 3591 1602 3662 PH,
1621 3590 1694 3648 HA.

319 3703 363 3765 ct,
381 3692 454 3753 ML.

320 3793 485 3866 nequead,
504 3792 578 3863 ME,
595 3793 661 3863 CA,
680 3791 742 3862 LC,
761 3793 809 3851 W.

318 3895 440 3954 fuerant
460 3879 627 3963 (suerunt),
644 3892 713 3962 OB,
731 3891 804 3963 OD,
822 3892 888 3962 OF,
907 3891 984 3964 MA,
1002 3891 1074 3963 MC,
1092 3891 1171 3962 MD,
1189 3891 1263 3963 ME,
1281 3891 1358 3962 MG,
1376 3891 1458 3962 MH,
1476 3891 1549 3961 CM,
1567 3890 1640 3961 ML,
1659 3890 1722 3961 CB,
1740 3889 1812 3961 ΗΒ,
1830 3890 1891 3961 ΟΟ,
1909 3890 1972 3961 CE,

403 3993 467 4065 LB,
486 3992 555 4063 LD,
574 3993 637 4064 LF,
656 3992 724 4064 LG,
742 3992 780 4063 B,
799 3993 834 4064 P,
852 3992 902 4064 W,
920 3992 960 4051 X.

319 4095 431 4165 fuerat,
449 4092 510 4164 CF,
530 4093 593 4151 LT.

320 4195 445 4264 fuerint,
464 4193 532 4264 OE,
551 4191 624 4263 ΜΒ,
643 4192 706 4263 ΜΙ,
725 4192 786 4250 LC.

319 4295 423 4364 fuerit,
441 4293 519 4364 OM,
538 4293 608 4364 PH,
628 4292 701 4350 HA.

320 4395 413 4454 fucrit
426 4401 492 4465 aut,
510 4393 574 4451 OC.

321 4496 389 4564 OB,
408 4494 476 4564 OE,
495 4492 572 4563 MA,
591 4491 664 4563 MB,
683 4491 747 4562 MI,
764 4491 828 4562 LC,
847 4491 910 4562 LF,
928 4490 997 4562 LG,
1014 4489 1076 4562 CF,
1095 4491 1158 4549 LT.

400 4600 590 4652 sacramenta
604 4579 658 4662 (ad
674 4579 888 4662 sacramenta).

320 4696 388 4766 OB,
407 4694 484 4765 MA,
502 4691 580 4764 MD,
599 4693 661 4763 ΟΒ,
680 4692 743 4778 ΟΕ,
761 4691 822 4762 CF,
841 4691 905 4762 LT,
924 4690 995 4749 HB.

403 4798 523 4853 restitui
536 4779 671 4862 (restitui
687 4812 750 4850 non
764 4779 891 4863 potest).

321 4894 389 4965 OB,
407 4894 484 4963 MA,
503 4892 581 4963 MD,
600 4892 662 4962 CB,
681 4891 752 4951 HB.

404 5012 461 5051 nec
476 4980 539 5062 (est
554 4979 637 5062 nec),
654 4977 727 5061 (nec
743 4999 777 5049 ut
792 4999 851 5062 est,
869 4979 955 5061 ΗΒ).
1246 5055 1253 5070 ¹
1273 5056 1280 5069 .

322 5093 390 5165 013,
409 5092 442 5150 M
445 5092 485 5163 A,
502 5091 565 5163 CB,
585 5090 655 5150 ΗΒ,
1063 5056 1101 5115 In
1115 5058 1170 5116 the
1183 5055 1308 5128 adducto,
1325 5076 1360 5114 or
1373 5058 1484 5116 rubi-ic.

403 5197 559 5265 ingenitus
573 5178 737 5264 (genitus).

321 5294 398 5365 MA,
416 5293 495 5363 MD,
513 5291 575 5362 CB,
593 5291 656 5363 ΟΕ,
674 5291 735 5362 CF,
754 5290 818 5363 LT,
838 5290 907 5349 HB.

405 5398 558 5452 actionem
572 5379 748 5462 (actiones).
