4470 6366
751 433 965 493 PEDIGREE
987 433 1042 494 OF
1064 435 1154 494 THE
1175 433 1470 494 MANUSCRIPPS

380 621 587 675 intentionem
601 636 687 676 suom
700 604 946 688 (intentionem),
964 605 1075 688 (÷X).

382 717 486 776 videre
500 704 661 787 (videtur).

381 837 464 875 anno
478 804 574 887 (anno
588 805 694 889 regis).

383 925 492 988 quarto
505 904 637 987 (tertio).

302 1018 371 1089 LD,
390 1018 439 1078 W.

383 1118 500 1176 scilicet
513 1118 595 1189 quod
610 1105 706 1189 (quod
721 1106 813 1190 ipse).

301 1218 376 1289 ME,
394 1218 475 1289 MH,
494 1219 529 1289 Ρ,
547 1218 617 1276 cM.

383 1319 452 1378 ons
467 1305 602 1389 (talem),
620 1305 740 1390 (ψεῖ,
758 1305 835 1387 m).

382 1438 548 1489 numquam
561 1423 608 1476 ius
623 1405 658 1488 (i.
677 1406 739 1490 n.),
756 1406 905 1489 (÷0M).

302 1520 376 1590 ME,
394 1519 476 1591 ΜΗ,
494 1518 565 1576 ΟΜ.

383 1619 497 1678 habeat
510 1605 645 1688 (habet).

383 1739 451 1791 quae
464 1705 546 1790 (que
559 1706 648 1789 non).

302 1820 384 1891 MH,
401 1820 472 1878 CM.

384 1939 451 1979 esse
465 1910 523 1989 (ita
538 1905 630 1989 esse).

383 2020 524 2078 habuerit
538 2006 696 2089 (habuerit
709 2006 907 2091 ingressum).

301 2120 362 2192 CF,
381 2119 444 2179 LT.

382 2229 431 2279 est
444 2239 534 2291 supro
548 2205 637 2291 (est),
654 2206 772 2300 (÷CC,
790 2219 855 2291 LB,
875 2205 967 2290 MD).

384 2307 594 2392 mmm

382 2425 453 2492 quia
467 2407 574 2491 (quae).

382 2521 436 2580 sed
452 2507 522 2592 (pro
536 2506 594 2588 se).

300 2621 363 2693 CB,
380 2621 417 2692 B,
436 2620 508 2679 ΗΒ.

382 2730 415 2780 et
429 2724 533 2792 primis
548 2707 729 2792 (inprimis),
743 2707 887 2791 (-HB).

380 2840 435 2880 use
449 2821 485 2879 of
495 2821 550 2879 the
562 2819 677 2880 addicio
691 2840 724 2879 as
738 2841 757 2878 a
772 2823 883 2880 rubrio.

299 2921 362 2993 CB,
381 2921 452 2979 ΗΒ.

382 3041 416 3080 oe
426 3009 566 3093 (ipsum).

382 3122 490 3180 habuit
503 3126 627 3180 omnino
641 3108 782 3192 (omnino
796 3108 964 3192 habuerit).

301 3222 367 3293 OC,
385 3222 455 3281 OG.

383 3322 551 3381 secundum
566 3306 724 3393 (scilicet),
741 3308 822 3392 (ned,
841 3307 926 3392 OG).

383 3421 432 3481 vel
446 3409 541 3494 (per).

382 3542 497 3594 ponere
511 3508 722 3594 (proponere),
740 3508 851 3591 (÷X).

382 3642 452 3682 cum
466 3627 641 3681 constitutis
655 3608 870 3692 (constitutis).

381 3724 592 3795 probationem
607 3709 732 3794 (petens
747 3709 984 3794 probationem),
1002 3709 1147 3793 (÷ME).

302 3823 372 3895 ΟΑ,
391 3823 452 3882 CE.

383 3943 452 3982 cum
467 3909 656 3994 (probaverit
670 3908 765 3991 cum).

382 4023 449 4082 dies
464 4009 579 4092 (fides).

302 4123 374 4195 MC,
392 4122 458 4182 LA.

384 4223 497 4281 habent
510 4209 646 4292 (habet).

296 4327 502 4382 intentionem
517 4342 601 4381 suom
616 4309 862 4393 (intentionem),
880 4322 953 4393 OD,
972 4321 1048 4393 MA,
1067 4322 1140 4392 ΜΒ,
1159 4322 1237 4392 ΜΙ),
1256 4322 1337 4393 ΜΗ,
1355 4322 1415 4392 CC,
1435 4321 1506 4393 ΡΗ,
1525 4321 1596 4380 ΗΒ.

296 4428 363 4482 voci
376 4411 491 4494 (voce),
509 4422 578 4493 OB,
595 4422 662 4494 OF,
681 4422 752 4493 ΜΒ,
772 4422 850 4493 ΜΙ),
869 4422 945 4494 MG,
964 4421 1027 4493 ΜΙ,
1046 4421 1114 4492 LA,
1132 4421 1195 4492 LC,
1212 4409 1301 4492 (voce
1316 4427 1392 4493 voci,
1413 4409 1495 4493 LG),
1514 4422 1553 4480 Y.

299 4525 342 4583 ibi
356 4511 430 4594 (in),
448 4523 520 4594 cM,
539 4521 600 4594 Lc,
621 4524 654 4581 Ρ.

299 4624 433 4683 Position
448 4623 483 4682 of
493 4623 548 4682 the
561 4622 686 4693 adicio,
706 4622 777 4693 OG,
796 4622 867 4693 MC,
885 4622 947 4692 CB,
965 4622 1003 4693 B,
1022 4621 1094 4681 ΗΒ.

299 4730 387 4796 regni
401 4729 482 4796 regio
495 4711 617 4796 (regis),
636 4721 707 4793 OG,
728 4723 797 4794 PH,
815 4723 878 4794 CB,
898 4723 933 4781 B.
