4470 6366
750 357 964 417 PEDIGREE
986 359 1042 418 OF
1063 359 1152 417 THE
1174 358 1470 418 MANUSCRIPTS

380 545 508 612 recipiet
521 527 713 612 (reciperet).

298 649 376 720 OM,
393 649 476 720 MH,
496 648 570 720 HA,
588 649 659 708 CM.

379 749 456 808 alius
470 736 578 820 (aliis),
594 735 717 820 (†MI,
735 736 811 819 LC).

379 869 439 908 om.
458 855 484 908 si
498 850 712 922 ingrediatur.
734 892 741 908 .
763 892 769 908 .
791 893 798 908 .
819 869 856 908 ex
872 855 1089 908 conventione.

378 970 438 1008 om.
457 957 491 1008 et
505 955 530 1008 si
549 969 624 1008 -ex
639 954 856 1020 conventione,
872 936 947 1019 (om.
967 955 992 1008 si
1012 970 1111 1008 -non
1126 955 1234 1022 possit,
1253 939 1344 1021 OM).

378 1069 438 1108 om.
458 1047 538 1120 Quis
552 1055 576 1107 si
591 1055 716 1108 omnino
730 1055 907 1121 mutaverit,
925 1036 1067 1120 (†cfl).

297 1159 375 1229 OM,
393 1157 468 1216 HA.

379 1263 407 1316 ei
422 1244 527 1328 (eius).

379 1365 500 1416 tantum
513 1343 650 1427 (tantum
665 1344 805 1427 habeat).

298 1467 361 1538 CB,
379 1466 416 1537 B,
435 1465 505 1524 ΗΒ.

378 1566 433 1626 sed
448 1553 514 1637 (si),
527 1552 597 1635 (sed
612 1570 649 1636 si,
667 1552 753 1635 ΗΒ).

377 1666 571 1725 domitorium
584 1652 786 1736 (donatario).

297 1775 361 1847 CB,
379 1774 450 1833 ΗΒ.

379 1883 541 1945 utrumque
554 1859 732 1944 (utrumque
747 1861 818 1944 ius).

378 1983 481 2047 potest
495 1973 664 2032 concedere
677 1959 720 2043 (o.
740 1961 800 2045 p.).

378 2083 410 2134 et
424 2074 515 2132 alicui
528 2061 660 2144 (alicui),
676 2059 789 2144 ΗΧ).

379 2183 411 2234 et
425 2195 495 2233 cum
509 2161 618 2244 (cum).

377 2275 579 2334 confitebetur
592 2261 814 2344 (confiteatur).

379 2383 413 2434 ut
427 2362 520 2445 (ubi).

300 2485 382 2555 MH,
399 2483 470 2542 CM.

379 2591 482 2656 posset
495 2569 638 2653 (potest).

378 2690 412 2742 in
425 2671 465 2754 (si
480 2669 539 2752 in).

379 2804 441 2842 non
455 2769 535 2853 (non
549 2768 614 2851 ex).

297 2894 367 2963 CH,
385 2893 457 2962 MF,
476 2889 541 2961 ΜΙ,
558 2889 624 2961 CA,
642 2889 705 2960 LC,
724 2888 792 2960 LD,
811 2888 851 2947 X.

375 3004 571 3074 possessionis
587 3007 620 3056 et
633 3002 826 3070 proprietatis
841 2985 1050 3069 (proprietatis
1066 3004 1097 3056 et
1113 2985 1335 3069 possessionis),
1352 2985 1443 3068 (om.,
1462 2986 1547 3069 CH).

376 3101 457 3159 faeta
470 3086 628 3169 (factum),
644 3084 780 3168 (†ML;
807 3097 915 3169 —LD,
933 3084 988 3168 x),
1005 3084 1101 3167 (faeta
1116 3097 1220 3168 fuero,
1238 3085 1318 3168 cr).

378 3201 490 3259 sectam
504 3205 536 3257 in
551 3203 616 3257 iure
630 3186 677 3268 (in
692 3204 757 3257 iure
772 3187 912 3270 factam),
928 3185 1072 3270 (-·cH),
1089 3185 1137 3268 (in
1152 3203 1229 3270 iure,
1248 3186 1303 3267 X).

374 3302 584 3373 longissimum
599 3306 720 3370 tempus
734 3285 774 3368 (t.
793 3286 845 3370 l.),
861 3286 1003 3370 (longum
1018 3306 1152 3370 tempus,
1171 3286 1257 3370 ΜΡ),
1274 3284 1513 3371 (longissimum,
1532 3298 1601 3370 LD,
1621 3286 1709 3370 ML).

379 3401 428 3460 vel
443 3388 518 3470 (ut),
535 3387 661 3470 (velut,
680 3393 745 3470 cA,
764 3385 818 3468 X).

379 3502 518 3560 omnibus
533 3486 688 3569 (omnibus
702 3488 794 3568 istis).

376 3607 529 3672 acciperet
542 3585 733 3670 (reciperet),
750 3585 938 3670 (acceperet,
957 3597 1031 3668 LD;
1053 3606 1189 3670 caperet,
1208 3585 1263 3668 X).

378 3722 416 3760 ex
430 3687 504 3772 (in),
521 3686 664 3769 (-MF).

298 3811 371 3881 MF,
388 3809 459 3880 CH,
477 3808 542 3878 CA,
560 3808 600 3866 X.

376 3926 532 3976 attomsre
545 3902 734 3986 (attornati).

376 4038 444 4076 cum
459 4004 515 4087 (sit
529 4003 624 4086 cum),
641 4003 696 4085 (sit
712 4023 746 4074 ut
761 4035 842 4085 cum,
861 4014 902 4085 X,
921 4004 998 4084 LC).

377 4126 491 4176 statum
505 4103 634 4186 (statum
649 4102 762 4186 suuni),
779 4102 917 4185 (-cA).

379 4226 411 4277 et
425 4204 517 4287 (vel).

299 4328 371 4398 MF,
390 4326 459 4385 CH.

376 4433 480 4485 autem
493 4413 612 4494 (sutem
626 4424 703 4482 alius
718 4411 862 4494 scilieet).

299 4536 371 4607 MF,
389 4535 453 4593 CA.

380 4653 435 4707 per
448 4620 529 4704 (ex).

378 4743 480 4794 utrum
494 4720 559 4803 (si).

295 4844 361 4914 CA,
379 4842 418 4901 X.

377 4942 459 5014 quod
473 4929 570 5012 (quod
584 4926 739 5010 donator).

376 5047 410 5100 in
425 5051 562 5113 tempore
575 5028 755 5112 (tempore).

379 5142 430 5201 vel
444 5149 479 5200 ut
492 5127 568 5212 (ut).

299 5251 371 5321 MF,
390 5250 454 5321 Ml,
472 5249 535 5320 LC,
554 5248 622 5308 LD.

377 5354 599 5424 possessionem
613 5349 743 5408 donator
756 5334 803 5418 (d.
823 5335 884 5420 p.).
