4450 6370
870 337 1084 398 BRACTON:
1110 337 1168 398 DE
1191 337 1373 398 LEGIBUS

397 521 488 580 modo
502 507 608 590 (modo
623 507 739 591 erunt).

395 625 448 692 qui
462 608 527 691 (vel
542 621 644 693 plures
659 629 805 682 tenentes
819 609 897 694 qui).

398 721 452 780 sed
467 741 530 779 nou
545 709 641 792 (sed).

396 823 570 880 nominibus
585 810 633 892 (et
648 827 681 880 in
696 809 896 892 nominibus).

397 927 431 980 in
444 908 539 991 (sieut
553 909 612 992 in).

396 1024 440 1080 rbi
454 1008 547 1092 (un).

396 1121 489 1181 fuerit
502 1131 639 1181 mortuus
653 1109 711 1191 (m.
730 1109 782 1192 i).

396 1222 504 1293 aliquis
518 1208 626 1293 (quis).

394 1323 594 1381 clamaverint
608 1331 716 1381 tenere
730 1308 770 1391 (t.
789 1308 847 1393 c.),
864 1309 977 1392 (ΗΚ).

396 1429 525 1495 petrum
539 1409 683 1494 (petitam
698 1409 822 1493 totam),
839 1408 976 1493 (÷MD‚
995 1410 1077 1493 LA).

315 1532 386 1604 MC,
405 1532 472 1591 LA.

396 1637 510 1704 poterit
523 1618 659 1702 (possit),
676 1619 808 1701 (÷ME,
828 1630 900 1702 MF,
919 1619 1006 1702 ML).

396 1753 456 1791 om.
475 1731 525 1790 vel
540 1751 557 1790 e
572 1736 736 1802 contrario,
753 1719 879 1802 (i'LD,
899 1719 976 1802 LF).

397 1833 532 1890 Position
547 1830 583 1889 oi
593 1851 648 1903 per
663 1851 699 1890 ee
713 1851 781 1902 quae
794 1831 971 1902 supradicte
986 1839 1070 1890 sunt.

396 1937 509 2004 poterit
522 1919 710 2004 (poterunt),
728 1919 877 2000 (÷MK).

396 2037 623 2104 responsionem
637 2019 910 2102 (responsionum).

395 2137 485 2192 vuriae
498 2131 637 2203 quaedam
651 2118 784 2201 (verite).

394 2225 568 2304 impositum
582 2219 797 2303 (appositum).

395 2333 569 2391 habuerunt
584 2318 790 2401 (habuerint).

395 2433 585 2491 Furinbume
599 2419 819 2502 (Fomburne),
836 2418 1032 2502 (Furiburne,
1051 2417 1132 2501 LA).

395 2534 530 2591 Position
544 2531 580 2589 of
589 2539 625 2591 ut
638 2531 678 2590 de
694 2535 826 2590 termino
844 2574 850 2589 .
872 2573 879 2589 .
901 2575 908 2590 .
929 2573 937 2590 .
955 2539 988 2589 et
1003 2531 1188 2590 huiusmodi.

394 2642 507 2692 terrum
521 2631 606 2690 illum
619 2618 732 2701 (terres
747 2619 840 2704 illus),

394 2734 530 2792 Position
543 2731 580 2790 of
591 2733 636 2791 Ut
650 2737 676 2790 si
690 2751 769 2790 unus
784 2738 871 2803 petet
887 2775 894 2790 .
916 2773 924 2790 .
945 2775 952 2790 .
973 2774 980 2789 .
1000 2730 1061 2789 filio
1075 2730 1249 2802 Godefridi,
1265 2717 1389 2802 (÷00,
1407 2731 1470 2802 ΟΕ,
1488 2718 1581 2799 MD).

393 2853 453 2892 om.
474 2833 555 2892 Item
569 2832 751 2903 quandoque
766 2839 855 2891 tenet
869 2833 962 2890 breve
978 2839 1022 2891 et.

394 2935 590 3006 proebuerunt
604 2919 832 3003 (praebuerint),
848 2918 983 3002 ΗΜΛ,
1002 2931 1080 3002 MD,
1100 2931 1163 3002 LC,
1180 2919 1233 3002 Y).

393 3033 462 3107 plus
475 3021 517 3103 (si
532 3019 626 3103 plus).

393 3135 466 3192 licet
480 3140 590 3204 petens
605 3118 719 3202 (licet),
737 3117 869 3201 (÷ML‚
887 3118 965 3201 Lc).

393 3237 520 3304 incipiet
535 3219 702 3303 (incipiat),
720 3218 862 3301 (ΗΒ).

393 3333 476 3404 quod
489 3318 582 3403 (qur),
599 3318 745 3401 (ΗΜ).

394 3453 455 3492 uno
469 3417 619 3501 (eodem).

393 3540 573 3604 competunt
587 3517 805 3603 (competunt).

310 3647 420 3714 exponi
434 3630 561 3712 (exponi
576 3629 698 3712 debet),
715 3641 782 3712 OF,
803 3640 880 3699 MD.

309 3763 364 3801 suo
377 3729 447 3812 (suo
461 3727 559 3812 cusu),
577 3741 648 3811 OD,
668 3740 728 3799 CC.

309 3846 485 3913 impetravit
497 3827 749 3913 (impetraverit),
767 3841 838 3910 OA,
857 3840 917 3910 CC,
936 3839 1013 3911 MK,
1031 3840 1072 3911 X,
1091 3840 1162 3911 MC,
1181 3839 1249 3911 LA,
1267 3840 1342 3911 ML,
1360 3840 1408 3898 W.

310 3951 438 4014 possunt
451 3929 610 4013 (possint),
629 3941 694 4012 OC,
713 3941 776 4011 CE,
794 3941 855 4011 CC,
874 3939 952 4011 MK,
970 3940 1011 4010 X,
1029 3939 1092 4011 LC,
1111 3939 1161 4011 W,
1179 3939 1252 3998 ME.

310 4051 437 4114 possunt
450 4029 625 4113 (poterunt)
641 4041 708 4111 OF,
726 4040 803 4111 MG,
822 4040 898 4111 MA,
918 4039 996 4111 MD,
1015 4039 1078 4111 LF,
1096 4039 1166 4111 LG,
1184 4039 1248 4110 LT,
1267 4039 1316 4098 W.

289 4131 412 4202 *eorum
427 4128 636 4212 (eorundem),
655 4141 733 4212 MA,
751 4140 831 4210 MD,
849 4140 931 4211 MH,
951 4139 1024 4212 ML,
1043 4139 1105 4211 LC,
1124 4140 1174 4211 W,
1192 4139 1263 4199 CM.

310 4251 343 4302 et
357 4230 522 4312 (sectorum
536 4229 595 4312 et),
614 4240 688 4312 MI,·
699 4240 768 4299 LD.

309 4345 469 4402 observato
483 4330 533 4411 (ut
549 4346 693 4399 oonvenit
707 4327 894 4411 observato),
912 4340 984 4410 OA,
1002 4339 1076 4398 ME.

310 4448 393 4502 euim
407 4429 543 4512 (etiem),
562 4441 634 4512 OD,
653 4441 702 4499 W.

311 4543 439 4602 deberet
453 4529 613 4612 (debent),
632 4539 708 4611 MA,
727 4540 788 4610 CC,
806 4540 854 4598 W.

310 4643 405 4701 refert
418 4630 509 4712 (tuno
525 4627 647 4710 refert),
666 4639 738 4711 MF,
755 4639 795 4698 Y.

289 4730 499 4802 *voluntatem
511 4727 713 4810 (voluntate),
733 4739 811 4810 MD,
830 4738 903 4797 ML.

309 4862 370 4900 orn.
390 4846 470 4912 regis
486 4841 627 4910 Henrioi,
647 4839 719 4910 MC,
738 4838 805 4909 LA,
824 4838 907 4909 MM,
925 4838 990 4910 LT,
1009 4838 1077 4898 LD.

311 4943 475 5000 sustinebit
488 4927 728 5010 (sustinebunt),
746 4939 808 5010 CB,
828 4938 891 5010 Ml,
911 4938 987 4997 MK.

311 5040 403 5099 fuerit
417 5026 517 5110 (fuit),
536 5039 603 5110 OB,
622 5038 695 5110 OD,
714 5038 791 5109 OM,
810 5038 884 5110 ΜΒ,
902 5038 973 5110 MC,
993 5038 1070 5111 MA,
1088 5039 1167 5112 MD,
1186 5039 1258 5111 ME,
1277 5041 1359 5111 MH,
1378 5040 1441 5112 Ml,
1461 5040 1537 5112 MN,
1557 5040 1625 5113 LA,
1643 5041 1706 5112 Lc,
1724 5040 1794 5112 LD,
1812 5040 1876 5111 LF,
1895 5040 1964 5110 LG,

396 5138 459 5211 LT,
479 5140 514 5210 P,
532 5139 582 5210 W,
598 5138 668 5197 CM.

307 5260 369 5298 om.
381 5239 430 5298 vel
446 5258 500 5311 per
513 5243 577 5298 veri
591 5243 846 5310 suppressionem.
897 5240 956 5297 Per
969 5237 1037 5298 fulsi
1052 5244 1292 5312 suggestionem,
1310 5241 1382 5312 OA,
1399 5241 1465 5311 OC,
1491 5241 1559 5312 OF,
1583 5241 1645 5312 CE,
1672 5241 1754 5312 MM,
1780 5241 1856 5312 MA,
1882 5240 1960 5312 MD,

396 5339 469 5397 HA.

1088 5495 1148 5549 2³8
