4450 6370
757 404 971 463 PEDIGREE
994 405 1049 464 OF
1070 405 1160 463 THE
1182 405 1477 467 MANUSCRIPTS

391 591 417 645 oi
430 573 501 658 (ei),
517 573 599 656 (Bis
614 595 669 645 not
683 587 815 646 oolloted
831 587 954 660 beyond
969 587 1031 647 this
1046 575 1159 659 point).

310 695 373 766 CB,
392 695 462 753 ΗΒ.

392 796 444 853 ubi
459 814 515 866 per
528 782 622 866 (ubi),
638 783 782 866 (÷CM).

392 900 507 965 poterit
519 883 691 964 (terminari
706 883 845 967 poterit).

393 995 559 1053 violentam
572 983 759 1065 (violentie).

393 1100 559 1154 terminare
573 1083 771 1166 (terminari).

394 1203 503 1266 petens
517 1182 668 1268 (potens).

391 1295 452 1354 elio
467 1295 522 1354 lita
536 1283 694 1367 (abolita),
711 1284 785 1366 (elio
800 1296 891 1369 lem,
909 1285 960 1366 B).

393 1402 456 1454 sive
471 1384 590 1467 (sient).

392 1496 494 1555 cleriei
510 1496 624 1554 fuerint
638 1485 780 1566 (elen'ei).

391 1602 461 1668 quia
477 1617 531 1669 per
544 1585 640 1668 (per).

392 1702 459 1767 quis
472 1685 554 1768 (quis
569 1684 669 1767 dicit).

392 1802 528 1856 tenentis
543 1802 606 1856 sive
621 1803 756 1869 petentis
770 1786 947 1868 (tenentis).

392 1899 444 1956 ubi
457 1885 681 1968 (ubicumque).

391 2005 481 2056 tenet
493 1984 567 2067 (et).

393 2098 552 2156 sciendum
566 2085 748 2167 (videndum
762 2107 795 2157 et
809 2087 993 2169 sciendum).

391 2217 426 2255 ec
441 2185 514 2268 (et).

391 2298 466 2356 dum
479 2285 568 2366 (dum
580 2285 710 2367 tamen).

391 2398 466 2456 lieet
479 2386 568 2468 (licet
583 2387 687 2470 petit).

392 2501 640 2569 impetrationem
654 2486 918 2570 (depositionem).

390 2599 493 2657 breve.
541 2598 621 2656 Item
635 2586 757 2668 (Item).

390 2699 429 2756 ab
443 2685 501 2769 (a).

390 2806 508 2856 mutere
522 2785 675 2869 (mutari).

308 2906 385 2977 ΜΚ,
403 2906 442 2964 X.

390 3014 493 3078 potest
506 2993 659 3078 (poterit).

390 3125 446 3164 nec
461 3093 565 3177 (non).

388 3210 528 3266 eontinet
542 3194 740 3277 (contineat).

387 3306 427 3364 ed
442 3306 567 3365 modum
581 3306 695 3378 regule
710 3307 759 3366 vel
773 3307 812 3366 od
828 3294 908 3378 (ad).

387 3410 460 3465 iuris
475 3415 509 3465 et
522 3394 636 3477 (iuris),
653 3395 797 3476 (400).

387 3505 427 3564 de
443 3512 597 3565 communi
611 3494 692 3577 (de).

388 3611 607 3677 consequentia
621 3594 822 3677 (sequentia).

387 3706 500 3764 dieitur
515 3706 619 3777 regula
633 3694 765 3776 (domini
781 3695 886 3778 regis).

388 3826 443 3878 per
456 3794 615 3877 (videlicet
630 3795 709 3878 per).

388 3905 447 3965 fuit
461 3894 553 3976 (fiat).

387 4026 460 4065 vero
474 4007 590 4065 fuerint
604 3994 716 4078 (vero),
733 3995 782 4076 (·Ι·
790 4008 857 4079 OC,
875 3995 952 4076 GE).

389 4105 448 4165 suit
462 4094 595 4176 (fuerit).

388 4215 423 4265 ut
433 4194 523 4277 (vel).

388 4312 490 4365 tenuit
503 4294 681 4377 (tenuerit).

386 4412 562 4478 impetravit
576 4395 826 4479 (impetraverit).

386 4504 525 4565 differtur
538 4512 619 4565 ectio
634 4515 666 4566 et
680 4515 768 4565 tenet
782 4509 875 4566 breve
889 4495 928 4579 (t.
949 4509 979 4566 b.
998 4527 1026 4567 e.
1045 4508 1076 4566 d.
1094 4495 1152 4578 a.).

387 4614 420 4665 et
434 4612 466 4664 in
480 4594 554 4678 (et),
571 4594 693 4678 (÷M1,
710 4606 783 4678 MC,
800 4595 854 4676 Y).

387 4706 467 4776 qnod
482 4706 583 4765 adhue
596 4694 640 4775 (a.
658 4695 719 4778 q.).

385 4807 562 4865 adhibendo
576 4794 762 4877 (adhibere).

387 4905 454 4977 plus
469 4914 577 4965 teneat
589 4894 699 4977 (plue).

386 5014 500 5065 statum
515 4993 657 5076 (casum).

390 5115 544 5178 competet
559 5107 662 5178 plures
675 5095 793 5179 (plures
808 5095 1011 5180 oompetant).

387 5226 491 5279 regem
507 5207 678 5266 Henrieum
693 5195 838 5280 (regem).

386 5312 544 5366 occasione
560 5295 721 5378 (actione).

387 5406 492 5479 regula
507 5406 625 5466 scilieet
639 5408 698 5465 hoc
712 5394 858 5479 (regula).
