4412 6348
912 413 1128 474 BRACTON:
1154 413 1212 473 DE
1234 413 1418 476 LEGIBUS

316 588 395 677 has,
422 589 658 681 “Expeditis
674 588 902 665 tractatibus
924 589 973 666 de
990 589 1072 665 lure
1094 614 1343 684 personarum
1361 600 1403 666 et
1423 615 1553 666 rerum
1570 589 1770 676 divisione,
1792 599 1834 666 et
1856 590 2011 666 distinc-

315 724 423 798 tione
440 731 644 810 cartarum,
663 722 712 797 de
729 722 1031 816 obligationibus
1048 732 1090 798 et
1107 723 1322 799 actionibus
1340 748 1431 799 cum
1448 749 1585 800 eorum
1602 724 1855 800 adminiculis.
1897 724 1935 800 N
1937 749 2013 800 unc

316 865 452 933 autem
473 856 683 931 dicendum
705 856 778 931 erit
799 856 840 931 in
861 857 1031 932 secundo
1052 865 1223 932 tractatu
1240 857 1289 931 de
1311 857 1498 933 divisione
1515 856 1790 934 iurisdictionis
1811 857 2013 934 sacerdotii

316 999 357 1065 et
382 990 503 1083 regni,
534 998 575 1064 et
600 989 820 1064 differentia
848 989 1157 1077 iusticiariorum,
1188 999 1230 1066 et
1258 990 1411 1083 placitis
1440 1016 1602 1079 coronae,
1633 991 1749 1067 etde
1775 990 2013 1084 possessione

316 1123 433 1211 nuda,
455 1131 497 1198 et
513 1148 631 1217 quare
649 1123 791 1199 dicitur
811 1123 928 1213 nuda,
950 1131 991 1198 et
1012 1124 1178 1217 qualiter
1198 1149 1300 1199 nova
1317 1123 1516 1200 disseisina
1531 1124 1572 1198 in
1589 1133 1699 1216 parte
1715 1125 1817 1217 sapit
1833 1133 2013 1200 naturam

314 1257 537 1332 intrusionis
562 1257 669 1350 quod
694 1257 836 1331 dicitur
860 1256 967 1332 nuda
992 1257 1227 1349 possessio.”
1294 1257 1379 1332 The
1404 1256 1533 1333 rubrio
1558 1258 1619 1333 for
1644 1258 1717 1333 OB
1744 1266 1786 1332 at
1811 1257 1880 1332 the
1905 1282 2012 1334 same

316 1390 423 1483 place
439 1390 561 1479 reads,
588 1391 764 1482 “Incipit
780 1390 877 1465 liber
893 1391 1084 1465 sccundus
1097 1391 1146 1465 de
1162 1390 1350 1483 regimine
1367 1391 1639 1466 iurisdictionis
1656 1391 1776 1484 regni.
1818 1391 1874 1466 Et
1887 1391 2013 1484 primo

316 1524 365 1599 ad
390 1522 496 1618 quod
522 1531 689 1598 certatus
716 1520 792 1616 (for
808 1519 974 1615 creatus)
992 1523 1043 1599 sit
1067 1549 1136 1599 rex
1162 1525 1310 1599 eteius
1336 1532 1543 1617 potestate,
1566 1533 1608 1600 et
1624 1524 1791 1618 qualiter
1816 1524 2013 1600 iusticiarii

316 1667 408 1734 sunt
433 1656 674 1746 instituendi,
705 1666 746 1732 et
772 1681 907 1732 eorum
933 1666 1139 1750 potestate,
1166 1665 1207 1732 et
1228 1658 1277 1732 de
1299 1658 1480 1733 omnibus
1501 1657 1652 1750 placitis
1674 1683 1835 1744 coronae,
1858 1667 1942 1733 tam
1963 1657 2013 1734 de

280 1771 285 1778 ’
315 1816 409 1884 pace
427 1799 469 1865 et
485 1790 608 1883 plagis
625 1815 744 1884 quam
761 1789 810 1865 de
828 1789 971 1866 felonia
983 1799 1024 1864 et
1041 1789 1211 1878 murdro,
1226 1800 1267 1866 et
1284 1791 1464 1866 omnibus
1482 1791 1694 1884 appellatis,
1712 1799 1795 1866 tam
1809 1791 1857 1866 de
1871 1791 2014 1866 felonia

316 1949 435 2018 quam
449 1924 499 1998 de
512 1923 594 1998 aliis
607 1923 733 2011 rebus,
751 1932 797 1998 ut
815 1949 930 2016 supra
946 1923 987 1998 in
1004 1923 1243 1999 kalendariis.
1253 1923 1280 1956 ’⁹

418 2060 467 2132 Iu
489 2058 528 2132 V
548 2057 616 2131 the
637 2065 725 2132 text
746 2056 793 2131 of
812 2055 881 2132 the
902 2055 1007 2131 third
1032 2056 1137 2131 book
1162 2055 1204 2151 (f.
1229 2052 1320 2149 aab)
1343 2056 1489 2150 begins,
1525 2057 1726 2133 “Dictum
1748 2066 1808 2133 est
1829 2083 1943 2150 supra
1964 2059 2012 2133 de

316 2191 486 2285 personis
507 2199 549 2265 et
565 2189 690 2278 rebus,
715 2214 820 2266 nunc
841 2197 975 2265 autem
1001 2189 1210 2266 dicendum
1238 2200 1298 2266 est
1325 2191 1374 2266 de
1401 2190 1664 2266 actionibus.”
1719 2191 1793 2266 OB
1821 2190 1890 2267 has
1919 2217 1961 2266 as
1990 2217 2014 2266 a

315 2325 442 2399 rubrio
463 2332 505 2398 at
525 2322 594 2398 the
615 2323 826 2416 beginning
844 2322 890 2398 of
910 2323 961 2399 its
982 2322 1088 2399 third
1110 2323 1215 2398 book
1232 2321 1274 2417 (f.
1299 2333 1368 2398 161
1390 2323 1436 2398 of
1451 2321 1519 2417 V),
1554 2324 1737 2416 “Incipit
1757 2323 1853 2398 liber
1874 2324 2012 2400 tertius

317 2458 366 2534 de
383 2457 517 2544 assisis,
538 2465 622 2530 tam
640 2456 689 2532 dc
711 2456 1012 2549 possessionibus
1030 2482 1148 2550 quam
1170 2457 1219 2532 de
1241 2457 1333 2532 iure.
1401 2457 1457 2532 Et
1478 2457 1604 2550 primo
1625 2457 1674 2532 de
1695 2481 1796 2531 nova
1817 2457 2013 2535 disseisina

315 2600 357 2667 et
375 2591 456 2666 eius
474 2589 767 2682 pertinentibus,
790 2588 955 2682 qualiter
976 2589 1058 2665 fieri
1075 2590 1227 2677 debeat,
1249 2599 1333 2666 tam
1355 2591 1404 2666 de
1426 2590 1507 2666 iure
1529 2599 1570 2666 et
1591 2590 1872 2683 pertinentibus
1894 2615 2013 2685 quam

316 2725 366 2801 de
391 2723 703 2816 possessionibus.
770 2723 826 2798 Et
856 2723 905 2798 de
934 2722 1050 2799 assisa
1079 2723 1227 2799 ultimae
1253 2724 1557 2815 praesentationis
1583 2733 1624 2799 ct
1653 2723 1735 2799 cius
1761 2724 1950 2816 specibus,
1973 2733 2014 2800 et

316 2881 434 2952 quare
459 2856 637 2950 impedit,
667 2865 708 2931 ct
733 2881 851 2950 quare
876 2881 956 2931 non
982 2826 1187 2948 permittit,
1218 2866 1259 2932 et
1284 2856 1333 2932 dc
1358 2857 1473 2932 assisa
1498 2866 1644 2945 utrum,
1674 2866 1716 2932 et
1740 2857 1856 2933 assisa
1876 2857 2012 2933 mortis

317 2991 576 3078 antecessoris,
599 2998 640 3065 ct
666 2990 777 3064 variis
802 2991 884 3065 eius
910 2989 1098 3082 specibus,
1129 2989 1179 3065 de
1208 2989 1382 3065 attinctis
1408 2998 1450 3065 et
1474 2990 1782 3067 convictionibus
1808 2999 1850 3066 et
1874 2990 2011 3066 certifi-

316 3124 545 3212 cationibus,
576 3122 624 3197 de
650 3122 803 3198 actione
828 3123 943 3212 dotis,
965 3121 1060 3216 quid
1086 3123 1137 3199 sit
1154 3122 1224 3199 dos
1241 3131 1283 3198 et
1308 3122 1475 3217 qualiter
1491 3122 1752 3212 contrahatur,
1775 3132 1817 3198 et
1833 3123 2013 3200 omnibus

317 3259 394 3334 suis
412 3257 706 3350 pertinentibus,
729 3265 770 3330 et
787 3256 837 3332 de
853 3265 975 3332 wasto
1001 3265 1042 3331 ct
1068 3255 1117 3332 de
1143 3255 1377 3344 huiusmodi,
1396 3265 1437 3331 et
1462 3257 1513 3332 de
1538 3256 1682 3349 placito
1707 3257 1756 3333 de
1782 3257 1955 3351 ingressu
1973 3266 2015 3333 et

316 3391 541 3478 intrusione,
564 3399 605 3464 et
626 3389 707 3464 aliis
730 3398 776 3464 ut
797 3414 914 3485 supra
933 3388 973 3464 in
995 3389 1223 3465 kalendariis
1244 3390 1410 3483 qualiter
1427 3391 1566 3466 amissa
1583 3391 1770 3484 possessio
1787 3390 1939 3466 dictum
1956 3399 2015 3467 est

318 3524 478 3617 supra.’'

420 3658 456 3730 V
479 3657 546 3732 has
568 3665 610 3731 at
634 3656 703 3732 the
725 3656 938 3750 beginning
959 3656 1005 3731 of
1026 3657 1076 3732 its
1099 3656 1231 3732 fourth
1252 3656 1356 3732 book
1378 3655 1420 3750 (f.
1446 3654 1573 3750 159b),
1601 3657 1798 3733 “Dictum
1820 3667 1880 3734 est
1901 3682 2015 3750 supra

318 3792 368 3866 de
385 3790 600 3866 actionibus
618 3790 890 3878 criminalibus,
912 3798 953 3865 ct
975 3790 1200 3866 iniuriarum
1221 3817 1308 3884 quae
1330 3791 1546 3883 personales
1568 3799 1672 3879 sunt,
1694 3799 1736 3867 et
1752 3791 1948 3883 pertinent
1965 3790 2014 3865 ad

317 3949 498 4000 coronam
525 3923 672 3999 domini
697 3924 807 4016 regis.
865 3923 982 3998 Nunc
1007 3931 1141 3999 autem
1167 3923 1376 4000 dicendum
1402 3933 1462 4000 est
1479 3925 1528 3999 de
1546 3923 1762 4000 actionibus
1788 3924 2011 4000 civilibus.”

318 4058 403 4133 The
421 4057 548 4132 rubrio
565 4065 608 4132 to
625 4057 693 4131 the
711 4055 845 4131 fourth
863 4056 966 4132 book
987 4057 1034 4132 of
1051 4058 1124 4133 OB
1147 4054 1189 4150 (f.
1214 4057 1314 4140 327b
1332 4057 1378 4132 of
1397 4054 1449 4150 V)
1467 4058 1511 4146 is,
1542 4057 1718 4150 “Incipit
1738 4057 1836 4133 liber
1853 4066 2014 4151 quartus

318 4192 368 4266 de
385 4191 467 4266 iure
484 4199 525 4267 et
542 4191 778 4282 proprietate
796 4190 845 4265 de
862 4198 1032 4266 tractatu
1049 4215 1164 4282 super
1181 4190 1288 4266 brevi
1305 4190 1355 4266 de
1372 4199 1490 4279 recto,
1513 4191 1563 4265 de
1579 4190 1736 4267 essoniis
1758 4200 1799 4267 ct
1821 4190 2013 4266 dilationi-

319 4325 391 4401 bus
412 4325 453 4400 in
474 4324 614 4399 eodem
635 4324 743 4398 brevi
765 4322 1040 4412 accidentibus,
1067 4323 1116 4399 dc
1141 4324 1253 4400 cartis
1276 4324 1533 4417 producendis
1555 4333 1597 4399 et
1616 4325 1795 4400 wmentis
1817 4324 2010 4413 vocandis

319 4458 368 4532 de
385 4457 680 4550 exceptionibus
697 4456 867 4544 diversis,
883 4465 924 4530 et
937 4456 1019 4532 aliis
1033 4481 1152 4551 quarn
1166 4457 1339 4550 pluribus
1358 4458 1463 4533 dicto
1481 4458 1664 4534 tractatui
1679 4457 2011 4550 pertinentibus.”

417 4589 503 4665 The
520 4589 609 4664 fisth
626 4588 730 4666 book
747 4590 794 4664 of
809 4590 856 4678 V,
879 4591 1044 4683 starting
1062 4599 1102 4665 at
1118 4591 1189 4667 the
1206 4615 1312 4667 same
1329 4591 1437 4684 place
1451 4617 1491 4668 as
1504 4590 1573 4665 the
1590 4590 1723 4666 fourth
1740 4591 1846 4666 book
1862 4590 1909 4665 of
1922 4591 2009 4679 OB,

318 4723 465 4817 begins,
500 4723 730 4816 “Expedito
755 4730 924 4798 tractatu
950 4723 999 4798 de
1025 4723 1149 4799 assisis
1179 4733 1220 4799 et
1249 4724 1590 4818 recognitionibus,
1620 4749 1707 4818 quae
1733 4724 1896 4818 proditae
1923 4733 2015 4801 sunt

318 4858 401 4934 iure
426 4856 669 4949 possessorio,
700 4855 749 4930 ad
776 4855 955 4931 saisinam
985 4857 1191 4949 propriam,
1222 4856 1284 4933 vel
1309 4856 1469 4932 alicuius
1492 4857 1743 4934 antecessoris
1765 4866 1812 4933 ut
1829 4857 1878 4933 de
1899 4857 2015 4933 feodo

315 4988 635 5082 recuperandam:
654 4998 695 5064 ct
706 4989 882 5064 similiter
892 4989 1076 5081 expedito
1087 4998 1257 5066 tractatu
1271 4990 1503 5084 placitorum
1514 4990 1562 5065 de
1575 4991 1749 5084 ingressu
1760 4992 2010 5085 assequendo,

318 5132 597 5216 consequenter
625 5121 820 5215 agendum
848 5123 921 5197 erit
949 5122 999 5199 dc
1027 5124 1170 5215 placito
1201 5148 1315 5217 super
1340 5125 1422 5200 iure
1452 5133 1493 5200 ct
1521 5125 1769 5217 proprietate,
1802 5124 1851 5199 de
1878 5125 2017 5201 saisina

319 5257 472 5350 propria
492 5255 555 5331 vel
573 5256 732 5332 alicuius
754 5257 1049 5343 antecessoris,”
1071 5266 1144 5333 etc.
1201 5257 1420 5350 Preceding
1436 5257 1505 5333 the
1521 5257 1610 5333 fisth
1628 5257 1732 5333 book
1753 5259 1794 5335 in
1815 5257 1884 5334 the
1904 5257 2017 5334 other

320 5391 476 5466 scheme
503 5388 551 5484 (f.
585 5390 686 5465 roob
712 5389 758 5464 of
784 5385 843 5482 V)
871 5390 946 5465 OE
975 5390 1043 5465 has
1072 5389 1141 5465 the
1170 5390 1310 5480 rubrio,
1341 5391 1543 5467 “Dictum
1573 5400 1634 5467 est
1667 5417 1782 5484 supra
1810 5391 1851 5467 in
1878 5400 2017 5486 quarto

1151 5571 1190 5624 82
