4450 6370
878 394 1092 455 BRACPON:
1118 396 1177 454 DE
1200 395 1383 457 LEGIBUS

410 578 589 637 Frunbume
603 565 824 649 (Fornbume).

407 687 511 737 cesten
525 666 686 750 (conscia),
704 666 834 750 (costes,
852 667 927 750 CC).

409 798 479 837 cum
493 766 559 848 (si).

408 879 448 937 sd
462 866 537 949 (nisi
551 867 616 949 ed).

409 984 479 1038 vitae
494 978 542 1038 vel
558 967 631 1049 (et).

410 1084 523 1150 peterit
537 1066 702 1150 (petierit).

409 1184 545 1237 omiserit
558 1167 724 1249 (emiserit)
738 1180 932 1251 impetrando
947 1168 983 1250 (i.
1001 1167 1060 1250 0.).

410 1278 584 1338 Michaelem
597 1267 788 1350 (Michaelem
801 1267 972 1349 abbatem).

409 1385 554 1438 setonam
568 1379 641 1438 rude
655 1367 690 1450 (r.
710 1367 765 1450 ι.),
782 1367 917 1451 (ψΜΚ,
935 1368 989 1450 x).

410 1479 489 1539 dixit
502 1467 655 1549 (dixerit).

410 1585 506 1652 possit
520 1567 674 1651 (poterit).

411 1679 545 1739 Bedford
561 1667 758 1751 (Hereford).

411 1787 535 1839 unicum
550 1768 685 1850 (unum).

411 1890 445 1940 et
458 1869 553 1952 (sed).

411 2001 541 2053 persone
554 1968 734 2052 (personis).

411 2101 460 2140 res
473 2069 537 2152 (res
552 2069 626 2152 est),
643 2069 792 2151 (·Ι-ΜΚ).

411 2186 603 2253 presumpsit
616 2169 759 2253 (presit).

411 2281 452 2341 de
467 2284 642 2341 nominibus
655 2269 816 2352 (duobus).

412 2382 493 2453 quod
507 2387 589 2441 ectio
603 2370 725 2453 (quod).

412 2483 487 2542 dum
500 2470 590 2552 (dum
603 2471 735 2554 tumen).

412 2603 473 2642 om.
492 2592 603 2643 tenens
619 2589 719 2643 minus
735 2592 842 2642 teneat
855 2603 958 2656 quam.

414 2689 493 2756 petit
508 2671 673 2756 (petierit).

414 2792 519 2856 posset
531 2771 673 2856 (potuit).

413 2892 517 2956 posset
531 2871 669 2956 (possit),
686 2870 829 2954 (÷cM).

414 2971 496 3054 illo(
535 2971 559 3054 ).

414 3084 507 3143 fuerit
520 3093 632 3142 tenens
647 3072 806 3153 (tenentes
822 3071 963 3154 fuerint).

414 3184 475 3243 duo
489 3176 565 3254 (duo
579 3172 714 3254 tenere),
732 3172 873 3254 (÷LD).

413 3304 432 3341 o
447 3270 526 3353 (ex).

414 3403 507 3454 quem
520 3370 694 3453 (aliquem).

415 3481 593 3542 defenditur
606 3471 785 3552 (differtur).

415 3603 475 3641 om.
494 3591 527 3640 et
541 3587 584 3641 sic
598 3581 742 3654 praeclndi
760 3626 767 3640 .
788 3625 795 3641 .
817 3626 824 3640 .
845 3625 852 3640 .
871 3591 977 3640 contro
992 3584 1096 3641 breve.

415 3682 495 3740 infra
509 3669 560 3752 (ut
573 3669 680 3753 infra),
697 3670 836 3753 (÷LA).

332 3790 399 3862 OF,
420 3791 496 3849 MG.

416 3890 613 3949 nihilominus
628 3878 676 3960 (et
691 3877 915 3960 nihilominus).

415 3995 553 4060 requiret
567 3978 740 4061 (adquirit).

416 4091 566 4162 Godfrey,
585 4098 645 4149 etc.
662 4076 865 4159 (Godefridi).

415 4192 589 4249 nominibus
603 4179 652 4260 (in
666 4178 866 4261 nominibus),
883 4178 1028 4261 (÷MB).

416 4295 530 4350 curiam
544 4278 673 4360 (curiam
687 4278 854 4361 emittere).

416 4393 456 4451 de
471 4395 582 4450 seisins
595 4379 793 4461 (disseisine).

417 4513 540 4564 poensm
554 4479 700 4562 (tumen).

418 4597 515 4665 magis
528 4580 605 4662 (non
621 4579 743 4664 magis).

417 4698 604 4765 proprietate
619 4691 667 4750 vel
683 4711 774 4763 super
788 4695 962 4763 possesione
976 4678 1181 4762 (possessione
1197 4711 1225 4750 v.
1244 4711 1269 4750 s.
1287 4677 1500 4763 proprietate).

417 4792 542 4850 ulterius
557 4792 748 4863 proponendi
762 4779 970 4864 (proponendi
985 4779 1138 4861 ulterius).

417 4913 477 4950 om.
496 4893 605 4951 eadem
620 4897 679 4951 erit
692 4897 772 4950 actio
790 4935 797 4950 .
818 4934 825 4950 .
846 4935 854 4950 .
875 4934 882 4949 .
902 4890 955 4950 sed
971 4898 1153 4949 correctum.

335 5001 398 5071 CB,
416 5001 452 5070 B,
472 5000 543 5058 ΗΒ.

418 5105 537 5171 petenti
552 5087 715 5170 (tenenti),
732 5087 834 5170 (÷X;
863 5086 988 5166 -HB).

419 5207 575 5270 competat
589 5186 778 5271 (competit).

420 5304 514 5372 ipsius
529 5305 573 5357 rei
588 5286 673 5368 (rei).

418 5407 566 5471 poterunt
580 5404 776 5470 exceptiones
791 5387 920 5472 (poterit
935 5386 1101 5470 exceptio).

1112 5572 1173 5625 282
