4470 6366
893 440 1089 502 BRACTON
1099 461 1106 500 ε
1128 442 1187 501 DE
1209 439 1393 502 LEGIBUS

420 629 445 682 si
459 610 554 693 (sed).

419 728 593 795 pecuniaria
607 709 714 795 (poena
728 711 927 795 pecuniaria).

420 829 467 882 ius
481 843 544 882 non
558 811 645 894 (ius).

418 931 547 996 possunt
560 911 704 996 (potest),
721 911 844 996 (÷CA,
862 911 916 993 X).

419 1023 544 1095 expulat
559 1011 735 1095 (expellat).

419 1129 494 1182 item
508 1110 618 1193 (ideo).

336 1225 398 1296 CB,
417 1224 488 1283 ΗΒ.

418 1337 481 1374 non
495 1321 621 1374 omnino
633 1305 677 1386 (o.
695 1302 757 1385 n.).

418 1421 447 1475 ei
461 1403 546 1486 (cum
561 1403 614 1486 ei).

416 1521 547 1575 iniustus
561 1503 714 1588 (iniusta).

415 1621 482 1687 quis
496 1603 610 1688 (quid).

418 1725 451 1774 et
465 1719 589 1774 omnino
603 1702 646 1785 (o.
667 1703 724 1785 e.).

416 1815 531 1874 familia
547 1824 579 1875 et
593 1803 748 1886 (familia).

417 1925 465 1975 est
479 1903 578 1986 (erit).

416 2021 510 2074 etiam
524 2002 669 2086 (tamen).

334 2115 399 2188 cA,
418 2116 457 2174 X.

416 2212 595 2266 restituatur
609 2207 739 2278 spoliato
753 2194 793 2277 (s.
811 2194 866 2277 r.).

414 2327 475 2366 om.
493 2306 584 2378 quale
598 2315 778 2378 competat.
799 2351 807 2366 .
829 2350 835 2365 .
857 2351 864 2366 .
884 2311 1027 2378 cognosci
1042 2307 1147 2367 debet.

416 2415 451 2466 ut
465 2393 515 2477 (ut
529 2394 749 2478 postmodum).

415 2506 533 2566 facilius
548 2515 655 2579 postea
669 2493 828 2577 (facilius).

414 2612 552 2680 sequitur
566 2594 751 2679 (sequatur).

414 2707 604 2766 solummodo
618 2694 756 2778 (solum).

413 2807 604 2880 ingrediatur
617 2794 855 2879 (possessionem
870 2796 1086 2880 ingrediatur),
1104 2796 1245 2880 (†CH).

414 2907 581 2979 repellatur
595 2894 767 2979 (repellat).

415 3007 513 3066 solum
527 3008 618 3067 modo
633 2994 772 3078 (solum).

414 3106 560 3167 familiam
575 3095 738 3178 (familiam
753 3095 869 3178 eiciat).

415 3208 465 3266 vel
479 3228 498 3264 a
512 3195 601 3278 (vel).

414 3327 474 3379 qua
488 3327 579 3366 causa
592 3295 669 3379 (quo
680 3294 777 3377 casu).

415 3407 539 3479 pacifice
553 3396 601 3478 (in
616 3394 716 3479 pace).

416 3506 465 3565 vel
480 3494 552 3577 (et).

416 3607 529 3665 clamat
542 3595 760 3678 (clamaverit).

416 3707 465 3765 vel
480 3694 555 3777 (ut).

414 3807 529 3866 debeat
543 3807 759 3866 uti—deberat
775 3795 923 3877 uti—(uti
937 3795 1092 3877 deberet).

413 3908 453 3966 ob
467 3907 599 3966 colorem
614 3894 686 3977 (sub
701 3894 827 3978 colore),
846 3894 901 3977 (ob
915 3907 1107 3966 disseisinam
1122 3907 1288 3968 coloratam
1303 3917 1336 3967 et
1350 3910 1389 3968 ob
1405 3909 1549 3982 colorem,
1567 3896 1646 3979 cA).

415 4011 545 4066 servitiis
560 3994 723 4077 (servitio).

415 4107 606 4166 disseisinam
621 4105 723 4166 facere
737 4094 922 4177 (disseisiri).

415 4215 541 4278 propter
554 4195 695 4279 (propter
708 4194 880 4276 iniustam).

415 4306 518 4365 medio
532 4294 614 4378 (quae
628 4312 773 4366 sustinuit
788 4295 914 4377 medio).

417 4406 472 4465 sed
487 4394 600 4476 (licet).

416 4506 581 4566 dicendum
597 4515 645 4566 est
659 4493 866 4576 (videndum).

415 4605 475 4664 ulia
489 4606 618 4678 simplex
633 4606 692 4664 alia
706 4594 807 4677 (alia).

418 4715 450 4765 et
463 4707 522 4765 alia
537 4693 635 4777 (alu).

417 4826 479 4864 non
494 4793 600 4876 (sine).

416 4905 551 4965 violenta
565 4893 751 4977 (violentia).

416 5010 461 5064 uti
476 5010 580 5076 quiete
595 4993 714 5077 (quiete
729 4993 799 5075 uti).

416 5105 524 5176 aliquis
539 5092 662 5176 (aliquis
677 5092 819 5174 scilicet).

416 5209 446 5263 vi
460 5192 531 5276 (per
545 5192 631 5274 vim).

416 5314 464 5364 est
478 5309 560 5363 enim
575 5292 665 5373 (item
680 5291 754 5376 est),
772 5291 836 5376 (est
851 5310 955 5378 etiam,
970 5293 1024 5376 X).

415 5404 553 5463 deiectus
568 5391 762 5475 (deiectum).

414 5510 584 5577 susceperit
597 5492 802 5578 (sumpserit).
