4470 6366
903 392 1100 452 BRACTON
1110 412 1118 451 τ
1144 393 1202 452 DE
1225 393 1407 454 LEGIBUS

431 596 505 649 ergo
519 563 653 648 (igitur).

432 676 577 736 emendat
591 664 778 746 (emendet).

430 778 525 837 debet
540 782 634 835 maior
648 797 685 836 co
700 796 766 836 esse
780 764 827 847 (d.
847 796 914 836 esne
929 797 970 835 m.
990 763 1049 848 e.),
1066 763 1211 846 (÷MF).

349 878 416 950 CD,
436 877 503 936 LD.

430 997 496 1037 esse
512 997 599 1050 pares
613 965 659 1048 (p.
680 965 737 1048 e.).

429 1078 483 1138 sed
498 1079 555 1136 sub
570 1078 639 1149 lege
655 1085 687 1136 et
701 1080 757 1136 sub
772 1078 831 1137 deo
845 1065 884 1148 (s.
905 1098 928 1136 s.
947 1078 979 1137 d.
999 1097 1027 1136 e.
1046 1097 1071 1136 s.
1091 1065 1142 1147 1.).

430 1199 483 1237 rex
497 1165 596 1248 (enim
611 1166 689 1247 rex).

349 1281 422 1350 OD,
441 1279 509 1337 PH.

429 1399 534 1438 semen
548 1366 666 1449 (Jesu),
684 1379 762 1448 OD;
784 1397 880 1449 seme,
900 1378 968 1436 PH.

430 1480 484 1539 sed
499 1485 617 1537 ratione
631 1466 727 1548 (sed).

428 1601 489 1638 orn.
507 1589 629 1638 mater.
651 1622 658 1636 .
680 1621 687 1636 .
708 1622 715 1636 .
734 1578 895 1650 legalibus.

348 1681 425 1752 ΟΜ,
446 1681 518 1739 HA.

430 1789 461 1840 et
475 1767 552 1850 (ut),
569 1765 717 1848 ΗΜΛ).

430 1881 510 1940 Item
523 1867 638 1951 (Ipse),
654 1866 799 1948 (†ML).

430 2001 482 2040 rex
496 1968 615 2049 (autern
630 1967 708 2049 rex).

429 2081 502 2139 fecit
516 2067 581 2148 (lex
596 2067 695 2150 facit),
713 2067 842 2150 (i-MF,
861 2067 934 2148 CC).

430 2201 490 2252 qua
503 2167 577 2251 (qun
592 2167 657 2250 nd).

429 2281 482 2340 sed
498 2286 616 2339 ratione
632 2289 664 2338 et
677 2267 773 2350 (sed).

430 2403 491 2454 prae
504 2368 600 2454 (pro).

344 2484 439 2543 hebet
452 2470 562 2551 (habet
577 2469 657 2550 rex),
675 2480 745 2550 OA,
764 2479 829 2550 OC,
849 2479 921 2551 OD,
941 2479 1010 2550 PH,
1030 2479 1103 2549 ML,
1122 2479 1187 2550 CA,
1205 2479 1274 2549 CD,
1292 2478 1360 2550 LA,
1380 2479 1445 2550 LE,
1464 2479 1501 2549 B,
1521 2479 1594 2536 HA.

342 2569 603 2651 habetssrabeat),
622 2580 689 2651 OB,
712 2579 778 2648 OF,
801 2579 878 2650 OM,
902 2579 978 2650 MA,
1000 2579 1079 2650 MD,
1102 2579 1176 2650 ME,
1199 2578 1271 2649 ME,
1295 2579 1370 2650 MG,
1395 2579 1471 2649 MK,
1492 2579 1559 2649 CA,
1581 2578 1642 2650 CC,
1664 2579 1734 2649 ci),
1753 2578 1824 2650 LD,
1843 2580 1906 2649 LF,
1925 2580 1995 2650 LG,

430 2683 466 2754 P,
484 2682 533 2753 W,
551 2682 590 2740 X.

342 2805 402 2856 quo
415 2769 516 2854 (qua),
535 2781 608 2851 ME,
628 2781 662 2852 P,
679 2780 729 2851 W,
747 2779 815 2850 CD,
833 2778 901 2851 LD,
920 2778 997 2851 MG,
1014 2766 1090 2850 (CC,
1108 2778 1174 2850 CA,
1191 2767 1292 2848 omit).

344 2885 480 2944 militent
493 2868 671 2951 (militent),
690 2881 759 2951 LD,
778 2880 826 2939 W.

344 2987 433 3044 liberi
447 2971 550 3053 (liberi
566 2969 732 3052 homines),
750 2980 824 3051 ΜΒ,
843 2980 891 3038 W.

343 3091 497 3158 potestate
511 3068 699 3154 (potestati),
719 3081 799 3152 MH,
817 3080 896 3152 MN,
915 3080 977 3152 CB,
995 3078 1066 3138 CM.

344 3185 459 3244 subditi
473 3170 645 3253 (subiecti),
663 3181 736 3252 ΜΒ,
756 3181 821 3240 LA.

346 3291 428 3345 enim
442 3271 506 3353 (est
521 3270 629 3353 enim),
648 3282 724 3352 OM,
745 3281 816 3352 MF,
835 3281 894 3341 CC.

345 3386 384 3444 ad
398 3373 473 3456 (qun
487 3371 553 3454 ad),
572 3383 637 3452 CA,
655 3381 714 3440 CC.

344 3485 452 3544 volunt
466 3470 603 3552 (voluit),
623 3481 696 3551 ME,
715 3480 783 3538 LD.

343 3589 486 3644 minimus
500 3569 658 3652 (minimus
673 3567 803 3650 eutem),
822 3579 896 3650 ME,
915 3579 987 3651 ΜΒ,
1007 3580 1083 3650 MK,
1102 3580 1141 3638 X.

343 3687 438 3746 debet
453 3702 520 3741 esse
533 3670 615 3752 (esse
630 3667 750 3751 debet),
769 3679 832 3749 ΟΕ,
852 3679 891 3739 X.

344 3785 508 3858 perfecerit
522 3769 672 3853 (fecerit),
690 3780 757 3851 CA,
775 3779 810 3837 B.

899 3957 1025 4030 Fonro
1052 3955 1138 4030 arb.
1196 3951 1404 4048 (Aoororo)

345 4145 412 4215 OF,
430 4142 508 4214 OM,
527 4141 603 4212 MG,
623 4140 704 4211 MH,
723 4139 800 4210 MK,
818 4139 879 4210 CB,
899 4138 937 4211 B,
956 4138 1027 4210 ΗΒ,
1047 4139 1121 4210 HA,
1140 4139 1210 4197 CM.

429 4263 467 4302 ex
481 4230 554 4311 (et).

428 4348 479 4415 qui
493 4329 537 4411 (ei
552 4328 630 4412 qui),
647 4326 794 4409 (†ML).

426 4463 496 4502 curn
509 4429 597 4512 (ius),
614 4428 673 4510 (et,
693 4440 734 4509 B;
755 4460 815 4497 om.
835 4440 897 4512 CB,
917 4427 1001 4509 ΗΒ).

426 4544 509 4603 salvo
522 4530 621 4611 (salvo
637 4528 767 4610 omen).
783 4526 886 4609 (tin
914 4539 1013 4610 -co,
1032 4539 1069 4610 B,
1089 4527 1174 4608 ΗΒ).

427 4644 522 4702 habet
535 4627 718 4712 (habuerit),
735 4627 844 4709 (-B).

426 4748 613 4816 proprietate
627 4748 807 4798 remanente
822 4726 862 4808 (r.
882 4727 944 4810 p.),
961 4726 1081 4810 (·CB,
1101 4738 1138 4810 B,
1158 4726 1243 4809 ΗΒ).

427 4844 551 4901 nocebit
564 4828 642 4910 (non
657 4827 808 4908 nocebit).

426 4948 547 5014 ingerat
560 4928 689 5012 (gerat),
706 4926 874 5010 (tingeret,
894 4925 989 5008 ΜΗ),
1006 4925 1126 5010 (-ΟΒ,
1146 4938 1183 5009 Β,
1202 4926 1288 5008 ΗΒ).

426 5042 506 5100 dicio
521 5060 553 5098 se
567 5026 641 5110 (se),
659 5027 769 5109 (dictio
783 5058 828 5110 se,
846 5038 927 5108 MK3
951 5038 1021 5096 dico
1035 5058 1081 5109 se,
1100 5027 1185 5108 ΗΒ).

346 5144 412 5214 OF,
431 5141 507 5212 OM,
527 5140 603 5211 MG,
622 5139 703 5208 MH,
722 5139 797 5209 HA,
816 5139 886 5198 CM.

428 5247 525 5312 ipsnm
539 5226 679 5310 (ipsum).

347 5343 414 5414 OF,
433 5340 508 5399 MG.

429 5442 559 5500 liberum
574 5438 687 5498 habeat
700 5426 747 5508 (h.
766 5426 818 5509 1.),
835 5425 965 5509 (÷MF‚
984 5425 1069 5508 cir).

1125 5562 1182 5613 192
