4470 6366
880 428 1094 488 Budcroii:
1121 429 1178 487 DE
1201 425 1384 488 LEGIBUS

327 611 404 683 OM,
422 612 471 671 W.

409 711 457 770 vel
472 698 545 782 (et).

408 817 488 870 tanti
503 812 640 871 redditus
654 799 758 882 (tanto
772 800 922 884 redditu),
938 799 1078 883 (-Ι-ΜΗ,
1096 812 1168 883 CM,
1187 811 1250 882 LC,
1268 800 1317 882 P).

408 931 469 970 om.
487 920 520 970 et
534 917 560 970 ei
574 912 651 971 obiit
668 956 674 970 .
696 955 703 971 .
724 956 731 970 .
753 956 759 970 .
777 919 811 971 in
827 913 983 984 Angliam,
1001 899 1141 983 (†MH,
1159 899 1244 982 CM).

326 1011 392 1082 00,
410 1011 480 1070 OG.

408 1117 528 1170 eeisitus
542 1099 678 1182 (eeisitue
692 1112 741 1171 vel
756 1100 886 1183 eeitite),
902 1099 1047 1183 (-(-MB).

407 1212 545 1271 redditae
560 1217 593 1270 ir
607 1199 680 1284 (in),
697 1201 884 1283 (redditibus
900 1218 944 1283 in,
964 1201 1049 1283 OG).

407 1311 523 1370 domini
540 1312 669 1370 Henrici
685 1317 764 1385 regis
779 1300 875 1384 (regis
891 1301 1046 1382 Henriei).

326 1411 403 1482 MK,
420 1411 460 1470 X.

409 1520 505 1570 tuntae
517 1500 621 1581 (tanto
636 1501 784 1584 redditu).

409 1620 441 1670 et
455 1620 543 1670 tento
557 1600 667 1682 (tanti)
682 1613 820 1673 redditus
835 1618 868 1671 in
882 1600 955 1683 (in).

326 1711 393 1783 OF,
412 1712 488 1783 MG,
507 1712 568 1783 οΒ,
587 1713 624 1783 Β,
643 1713 714 1772 ΗΒ.

407 1817 441 1870 in
455 1817 565 1870 neieina
579 1799 716 1882 (scisituo
730 1813 779 1872 vel
793 1800 922 1884 eeisite),
940 1799 1075 1882 (-Ι-ΜΙ).

408 1932 469 1971 om.
488 1922 520 1972 et
535 1921 622 1972 tanto
637 1913 787 1984 redditus,
804 1900 927 1984 (÷00,
946 1913 1018 1983 OG,
1036 1900 1123 1981 ΜΒ).

408 2013 527 2084 change
542 2018 575 2071 in
590 2014 694 2085 period
709 2013 746 2071 of
755 2013 932 2085 limitatiom
950 2000 1075 2084 (÷LD‚
1094 2001 1187 2084 MD).

327 2112 397 2183 ΟΑ,
416 2113 478 2171 οΕ.

408 2213 620 2284 prosequendo
633 2201 872 2286 (prosequendo,
891 2201 981 2285 ete),
997 2201 1134 2284 (†CA).

244 2359 246 2366 .
327 2313 389 2384 CB,
409 2313 479 2372 ΗΒ.

409 2419 506 2472 viuum
520 2400 680 2486 (visneto),
697 2400 847 2485 (†MK),
863 2400 955 2485 (visu,
973 2401 1025 2483 B).

410 2518 579 2573 inutieitiriis
594 2502 779 2584 (iustieioriiu
795 2503 932 2586 nostris).

835 2824 962 2898 Ferro
986 2822 1099 2898 eleb.
1161 2820 1359 2897 Currere
1385 2822 1431 2895 II

326 3031 393 3102 OB,
413 3031 485 3102 ΜΒ,
504 3030 566 3101 Ml,
585 3030 663 3102 MN,
682 3030 744 3103 LF,
763 3030 831 3102 LG,
849 3031 925 3102 MA,
944 3030 1023 3101 MD,
1042 3029 1104 3101 LC,
1124 3031 1198 3102 HA,
1217 3030 1256 3089 Y.

410 3151 474 3189 non
488 3118 693 3202 (numquam).

328 3231 395 3301 OB,
413 3230 488 3302 ΜΒ,
505 3231 569 3302 Ml,
589 3231 666 3302 MN,
684 3230 748 3302 LF,
766 3230 834 3290 LG.

409 3331 577 3390 tradiderat
592 3319 794 3402 (tradiderit),
811 3319 965 3401 (tradidit,
983 3330 1048 3401 Ml,
1066 3318 1143 3402 Le).
1160 3316 1309 3401 (ΗΑΛ).

410 3432 546 3503 partibus
561 3419 713 3502 (partita
727 3437 759 3490 in
774 3418 912 3501 iuditio),
930 3418 1064 3503 (isidi,
1081 3418 1136 3501 Y).

411 3540 521 3590 tenens
536 3518 687 3603 (petens),
704 3518 855 3602 (÷MD).

411 3632 622 3703 probationem
636 3631 778 3690 habuerit
791 3618 840 3699 (h.
859 3618 922 3702 p.),
938 3618 1049 3701 (-Ι-Ῡ).

411 3739 514 3804 potest
528 3719 682 3803 (poterit).
699 3719 833 3802 ΗΜΛ,
852 3718 945 3800 MD).

330 3831 398 3903 OB,
417 3831 480 3903 LF,
499 3832 566 3891 LG.

411 3933 583 3991 ostenderit
595 3918 780 4002 (ostendat).

329 4032 406 4105 MA,
424 4032 501 4093 MD.

412 4141 460 4192 est
474 4151 600 4191 necesse
614 4119 661 4202 (n.
680 4119 737 4202 e.).

329 4234 395 4305 OF,
414 4232 492 4304 MG,
510 4233 587 4304 MK,
604 4232 665 4304 CC,
683 4231 748 4302 LB,
766 4231 836 4303 LD,
854 4232 895 4303 X,
913 4231 962 4290 W.

410 4339 469 4392 ins.
488 4353 557 4392 cum
571 4341 674 4405 partes
687 4337 720 4391 in
734 4332 846 4391 iudicio
862 4336 1096 4403 comparuerint.

412 4439 537 4493 omnino
552 4433 667 4492 nullum
681 4420 729 4503 (n.
747 4420 806 4502 o.).

412 4539 445 4592 in
458 4535 603 4605 eliquati
618 4520 661 4603 (e.
679 4538 701 4592 i.
718 4520 777 4603 a),
795 4519 928 4603 (÷0M,
948 4520 1033 4603 MF).

330 4635 397 4707 OF,
415 4634 492 4706 MG,
511 4634 588 4704 MK,
605 4633 666 4704 CC,
685 4631 749 4704 LB,
767 4632 807 4691 X.

410 4739 511 4807 posuit
525 4753 558 4792 oe
572 4721 619 4803 (se
635 4719 794 4805 posuerit),
812 4719 1004 4804 (possintne,
1021 4719 1096 4803 00),
1113 4718 1254 4802 (÷L1)),
1273 4719 1433 4803 (imposuit
1446 4749 1491 4801 oe,
1509 4717 1573 4800 W).

411 4855 475 4893 non
489 4820 612 4904 (nunc),
629 4820 752 4904 (-LB,
769 4832 814 4903 X;
841 4819 942 4902 ÷W).

413 4943 522 5006 petent
537 4920 679 5003 (tenens)
707 4921 808 5004 (-X;
839 4920 957 5002 ÷LD).

413 5035 463 5094 vel
477 5053 532 5106 per
545 5021 636 5103 (vel),
653 5020 784 5104 (-CC).

413 5134 509 5193 talem
522 5120 641 5206 (tries),
657 5119 793 5205 (iord,
811 5132 883 5204 ur,
901 5120 965 5203 w).

331 5236 392 5306 CC,
411 5234 474 5293 LB.

414 5343 525 5394 tenent
539 5321 690 5406 (petens).

415 5443 463 5495 eet
477 5422 558 5505 (uit),
575 5420 695 5506 (·(·CE,
713 5433 776 5505 LC,
793 5433 835 5504 X,
854 5420 942 5503 ΗΑ).
