4470 6366
746 363 960 425 PBDIGBEB
981 365 1037 425 ΟΕ
1057 365 1147 425 THE
1169 363 1465 424 MANUSCBIPTS

374 554 421 608 ius
434 536 542 619 (omne
557 537 630 620 ius),
647 537 796 620 (·(·MA).

294 649 356 720 CB,
377 649 447 708 ΗΒ.

375 750 414 807 ad
429 736 483 818 (ad
498 737 556 819 id).

376 854 459 907 enim
474 854 567 908 etiam
581 835 717 920 (eiiam).

294 949 362 1020 CD,
381 948 450 1008 LD.

376 1054 441 1108 eius
455 1035 582 1120 (ouius).

377 1156 410 1208 et
424 1137 519 1221 (pro).

295 1248 360 1320 OC,
379 1248 449 1308 OG.

376 1354 571 1419 nequientem
586 1335 802 1420 (equitatem).

953 1567 1047 1640 Tnn
1072 1565 1250 1640 Anororo

291 1773 381 1834 After
400 1776 545 1845 tribuere,
564 1774 631 1846 ΟΕ,
649 1774 721 1845 OG,
739 1773 810 1846 MC,
830 1773 906 1844 MG,
925 1773 1006 1844 MH,
1024 1773 1086 1844 CB,
1106 1773 1178 1844 ΗΒ,
1196 1771 1268 1843 ΟΜ,
1286 1771 1355 1844 LD,
1374 1772 1415 1842 B;
1437 1771 1517 1830 aster
1536 1773 1685 1846 civilibus,
1704 1775 1776 1846 CD;
1797 1797 1830 1835 as
1849 1783 1882 1837 in
1898 1780 1943 1838 V:

375 1874 440 1945 OC,
465 1874 538 1945 OD,
563 1874 640 1946 OM,
666 1874 742 1945 HA,
766 1874 845 1945 MD,
871 1874 941 1946 PH,
959 1874 1014 1944 W;
1036 1873 1196 1945 marginal,
1222 1873 1292 1943 OA,
1318 1873 1387 1943 ΟΕ,
1413 1872 1467 1931 LA
1476 1891 1484 1942 ;
1506 1874 1649 1945 omitted,
1674 1874 1742 1946 OB,
1766 1877 1841 1950 MA,
1865 1877 1939 1951 ΜΒ,

375 1974 449 2046 ME,
467 1973 540 2046 ΜΕ,
559 1975 635 2045 MK,
654 1974 728 2044 ML,
746 1973 823 2045 MN,
841 1975 907 2044 CA,
925 1974 985 2044 ΟΟ,
1003 1974 1066 2044 ΟΕ,
1084 1973 1145 2045 ΟΕ,
1164 1971 1227 2044 LC,
1245 1972 1309 2043 LF,
1327 1972 1396 2044 LG,
1415 1972 1478 2044 LT,
1498 1973 1532 2044 P,
1550 1973 1592 2044 X,
1609 1974 1647 2033 Y.

292 2082 327 2134 ut
341 2080 366 2132 si
381 2063 447 2145 (si),
466 2075 534 2144 ΟΕ,
552 2075 602 2146 W,
622 2074 694 2146 ΗΒ,
712 2074 762 2133 CB
777 2061 833 2145 (by
850 2062 959 2144 corn).

291 2175 452 2234 descendit
466 2163 676 2246 (descendat),
695 2174 762 2245 OF,
782 2174 858 2245 OM,
878 2174 927 2245 W,
946 2173 1019 2245 OD,
1039 2174 1109 2244 PH,
1129 2173 1205 2232 HA.

291 2280 509 2346 proprietatem
524 2279 653 2346 primam
666 2262 810 2346 (primam
825 2261 1072 2346 proprietatem),
1091 2274 1163 2345 OD,
1183 2273 1254 2344 PH,
1273 2273 1345 2332 OG.

293 2379 387 2433 maius
402 2361 513 2443 (maius
528 2363 589 2444 ius)
605 2374 670 2446 OC,
690 2375 759 2433 LD.

291 2475 386 2534 debet
400 2474 534 2547 praeferri
548 2463 696 2547 (praeferri
711 2461 833 2546 debet),
852 2474 921 2545 ΟΕ,
939 2475 989 2544 W,
1008 2472 1079 2546 MC,
1099 2474 1167 2532 LA.

293 2574 513 2633 verificaverint
526 2562 716 2648 (evicerint),
735 2575 808 2646 OD,
827 2575 897 2633 PH.

292 2675 366 2733 filias
381 2663 499 2746 (filios),
517 2675 588 2746 OA,
606 2674 679 2746 OD,
697 2675 768 2746 PH,
787 2674 865 2745 OM,
884 2673 955 2746 MC,
975 2675 1041 2745 LA,
1062 2674 1135 2732 HA.

293 2784 326 2835 et
339 2775 473 2834 diversos
487 2762 663 2846 (diversos),
682 2775 747 2846 OC,
767 2776 847 2847 MH,
867 2775 917 2846 W,
935 2775 1006 2833 CM.

294 2883 326 2933 et
341 2862 416 2946 (ut),
435 2875 516 2945 MH,
535 2875 585 2946 W,
603 2875 674 2933 CM.

293 2981 352 3033 ins.
371 2975 452 3033 Item
466 2980 611 3048 supponit
624 2979 682 3045 ius,
701 2975 775 3046 OD,
793 2974 863 3033 PH.

294 3080 352 3133 ins.
372 3075 452 3133 Item
466 3080 623 3147 supponit,
641 3075 719 3146 OM,
738 3075 787 3134 W.

294 3175 361 3246 OC,
378 3175 447 3246 ΟΕ,
465 3175 533 3246 ΟΕ,
551 3175 622 3246 OG,
642 3174 720 3247 MD,
739 3174 816 3247 MG,
834 3175 916 3246 MH,
934 3175 997 3245 CB,
1014 3174 1082 3245 CD,
1101 3173 1171 3246 LD,
1190 3174 1226 3245 B,
1246 3174 1318 3245 ΗΒ,
1337 3172 1407 3232 ΟΜ.

378 3275 461 3334 unde
475 3263 523 3345 (et
537 3264 647 3347 unde),
664 3262 773 3345 (-B).

378 3377 459 3433 bene
472 3362 597 3447 (unde),
614 3363 735 3446 (·(·W).

377 3475 472 3534 stulto
486 3462 534 3544 (et
548 3463 669 3546 stulto),
686 3463 807 3546 (-CB,
824 3475 896 3546 OG,
916 3462 1001 3545 ΗΒ).

379 3583 411 3633 et
425 3563 544 3646 (sieut),
561 3563 634 3644 (οΕ
648 3563 764 3645 omits).

378 3695 439 3733 om.
457 3675 549 3734 surdo
563 3684 596 3734 et
610 3684 707 3746 muto,
724 3663 834 3745 (·-B).

378 3777 498 3834 absenti
512 3762 561 3844 (et
575 3763 722 3846 absenti),
739 3763 883 3845 (-OG).

376 3884 523 3947 agnatum
537 3862 759 3946 (antenatum),
776 3861 901 3947 (··OC,
919 3874 995 3946 MD,
1015 3873 1087 3946 LD;
1112 3861 1217 3945 †W),
1232 3861 1429 3946 (angustum,
1448 3875 1524 3946 OG;
1546 3886 1723 3949 cognatum,
1742 3867 1828 3950 CM).

296 3976 365 4047 ΟΕ,
383 3975 450 4046 ΟΕ,
467 3975 545 4046 ΜΟ,
563 3975 644 4047 ΜΗ,
663 3975 725 4046 CB,
744 3975 816 4046 HB,
835 3974 906 4034 ΟΜ.

379 4079 575 4147 possessionis
589 4063 650 4146 (ius
666 4062 891 4147 possessionis).

380 4182 412 4234 et
425 4163 550 4245 (minori
565 4164 623 4246 et).

380 4276 515 4335 debeant
529 4263 682 4345 (debeat).

380 4381 404 4434 si
418 4363 515 4446 (sed),
532 4363 652 4446 (-CB,
671 4363 758 4445 HB).

379 4476 474 4535 debet
488 4475 552 4534 fieri
566 4463 645 4546 (fieri
660 4463 782 4546 debet),
798 4463 921 4546 (ΗΕ).

380 4580 459 4635 sicut
473 4563 547 4646 (ut).

299 4675 361 4746 CB,
381 4676 451 4734 HB.

380 4795 505 4834 assensu
519 4762 652 4845 (assisa).

380 4885 532 4949 supponat
545 4863 656 4945 (frater
670 4863 790 4948 ponat),
807 4863 950 4945 (†OG).

381 4976 462 5047 quod
477 4963 672 5046 (quoddam).

380 5076 533 5134 infinitum
547 5062 595 5145 (in
610 5063 789 5146 infinitum).

259 5177 341 5248 MH,
359 5176 428 5235 CM.

381 5295 499 5334 morum
513 5263 672 5346 (merum).

382 5381 458 5436 item
472 5363 591 5446 (sicut).
